2924 4928
709 349 769 412 123

272 551 388 634 Opinor
411 553 475 617 veri
499 552 633 617 similius
664 571 730 617 esse
760 552 899 616 Psellum
922 555 1015 616 talem
1040 556 1180 634 glossam
1207 554 1294 618 adhi-

169 658 284 735 buisse,
308 658 357 721 eui
378 659 441 740 jam
464 659 568 722 omnia
590 661 730 721 velerum
754 658 945 739 scriptorum
969 658 1146 722 testimonia
1166 663 1292 722 resecta

169 765 285 837 esseni,
310 778 400 841 quam
425 759 573 825 Pholium
596 762 651 825 eut
666 759 803 837 Suidam,
828 779 845 824 e
868 759 980 841 quibus
995 759 1074 824 alter
1089 761 1173 826 locos
1195 761 1294 843 scrip-

168 863 279 939 torum,
303 861 383 927 alter
404 861 529 926 nomina
551 861 695 927 servavit.
743 863 822 926 Tum
854 862 911 926 lex.
944 862 1015 945 Seg.
1039 861 1079 927 V.
1101 882 1137 928 ea
1159 882 1192 928 ro
1213 864 1295 928 inter

169 964 246 1028 alios
269 963 393 1029 excellit
417 964 533 1028 etcum
551 964 654 1028 Psello
679 966 832 1048 congruit,
854 964 934 1047 quod
958 965 1057 1028 solum
1073 968 1130 1030 tria
1146 966 1297 1031 vocabula

169 1066 370 1145 enumeravit,
393 1067 505 1148 quibus
536 1066 675 1132 rhetores
706 1085 817 1131 nomon
849 1067 1036 1150 adjectivum
1070 1076 1201 1151 πατρῷα
1232 1069 1293 1132 im-

169 1170 363 1252 posuissent:
386 1169 603 1254 κτήματα,
625 1168 761 1252 τόποι,
781 1169 998 1255 χρήματα,
1016 1189 1095 1252 quae
1110 1171 1297 1253 respondent

167 1271 334 1337 Psellianis
356 1273 480 1357 οἴκῳ,
504 1271 699 1357 χωρίοις,
724 1272 929 1358 χρήμασι.
979 1274 1107 1352 Deinde,
1124 1276 1290 1357 quae§5l

168 1375 343 1441 Psellianae
365 1376 580 1458 respondeant,
612 1378 643 1441 in
668 1376 780 1441 Suidae
812 1377 956 1442 thesauro
988 1377 1101 1443 frustm
1133 1379 1291 1460 quaesivi;

168 1479 200 1542 in
223 1478 320 1543 lexico
344 1480 530 1562 Segneriano
552 1479 580 1543 V
602 1480 739 1562 glossam
763 1480 934 1545 miserrime
958 1481 1183 1556 detruncatam,
1216 1500 1296 1563 quac

169 1581 342 1662 comparari
358 1581 465 1663 possit,
489 1582 611 1647 inveni:
641 1602 669 1664 p.
695 1581 769 1647 257.
787 1581 826 1646 lt
850 1583 917 1645 εὐοῖ
941 1582 1044 1668 σαβοῖ,
1068 1585 1206 1669 μυστικὰ
1227 1584 1296 1646 ἐπι-

169 1684 355 1770 φθὲγματα.
403 1687 534 1752 Accedit
556 1688 637 1769 quod
661 1707 768 1754 causas
790 1686 948 1774 προβολήν
970 1690 1001 1752 et
1016 1685 1296 1773 καταχειροτονίαν

169 1790 290 1869 praeter
303 1789 442 1855 Psellum
460 1791 478 1871 §
495 1791 531 1854 ll
551 1790 651 1855 solum
666 1791 726 1856 lex.
742 1790 812 1874 Seg.
829 1791 866 1855 V.
883 1790 957 1856 ⁸268.
981 1790 1022 1853 ‘27
1037 1811 1098 1855 uun
1121 1791 1187 1855 loco
1210 1809 1294 1855 com·

168 1891 339 1972 prehendit,
371 1893 444 1958 licet
477 1894 599 1959 diversa
621 1895 787 1977 proferant.
834 1895 971 1976 Denique
994 1894 1132 1960 Psellum
1157 1914 1175 1959 a
1200 1895 1297 1960 Suida

171 1994 342 2071 dissentire,
380 2014 450 2062 eum
489 1997 549 2063 lex.
581 1996 703 2081 Seg.V
740 1997 913 2063 consentire
947 1998 1109 2063 manifesto
1143 1998 1246 2062 elucet
1278 2017 1297 2061 e

168 2099 271 2181 glossa
294 2098 472 2185 ἀμφιορκια.
518 2099 586 2180 Qua
608 2100 639 2164 in
661 2119 694 2164 re
717 2119 822 2165 omncs
844 2100 1052 2184 lexicographi
1074 2102 1105 2165 in
1130 2101 1207 2165 duas
1229 2100 1295 2165 dis-

169 2201 283 2266 cedunt
316 2201 468 2285 partes¹t
517 2201 652 2286 Hesych.
687 2223 713 2267 s.
746 2222 794 2267 nv.
826 2201 1015 2287 ἀμφωμοσία
1051 2205 1083 2267 et
1114 2200 1294 2287 ἀμφιορνία,

170 2304 256 2369 Suid.
280 2323 305 2368 s.
328 2324 356 2368 ν.
380 2304 553 2389 ἀμφιορκία
576 2305 687 2370 docent
710 2303 898 2389 ἀμφιορκίαν
925 2304 977 2387 jus
996 2305 1164 2387 jurandum
1187 2305 1295 2382 fuisse,

169 2425 228 2488 qno
259 2427 329 2472 reus
361 2409 582 2490 accusatorque
613 2408 753 2473 adstricti
785 2409 899 2472 essent.
952 2407 1054 2472 Aliter
1078 2409 1137 2472 lex.
1162 2409 1231 2487 Seg.
1255 2409 1294 2473 V.

168 2509 241 2574 311.
265 2510 316 2589 23,
348 2510 407 2575 lex.
439 2512 509 2594 Seg.
531 2511 585 2575 IV.
610 2510 682 2575 184.
704 2511 734 2589 t),
767 2510 848 2574 Poll.
871 2509 958 2575 Vlll.
984 2509 1044 2572 122
1075 2509 1154 2575 hauc
1186 2529 1293 2574 vocem

168 2613 332 2694 explicant,
366 2613 549 2695 quibuscum
582 2612 658 2677 feeit
681 2612 801 2678 Psellus
825 2614 844 2694 §
869 2611 918 2675 18.
971 2610 1109 2691 Quorum
1140 2612 1294 2676 sententia

168 2717 306 2798 accepta,
329 2713 498 2800 ἀμφιορκία
529 2715 578 2780 est
602 2714 655 2798 jus
678 2714 846 2798 jurandum
869 2733 927 2778 non
952 2714 1052 2778 solum
1076 2733 1094 2777 a
1116 2732 1167 2777 reo
1189 2715 1221 2777 et
1242 2732 1295 2777 ae·

168 2818 397 2895 cusatore,·sed
420 2818 513 2882 etium
539 2817 680 2901 ajudice
703 2817 820 2881 datum.
866 2817 909 2880 At
931 2817 1075 2898 quoniam
1099 2816 1189 2880 modo
1212 2815 1293 2880 vidi·

167 2939 247 2996 mus,
279 2920 334 2983 lex.
369 2920 438 3003 Seg.
469 2920 513 2984 IV
545 2938 664 3001 qnoque
695 2919 820 2983 illarum
853 2919 947 2983 fuisse
979 2919 1135 3000 partium,
1178 2918 1289 3001 quibus

167 3023 293 3087 Psellus
317 3024 442 3101 laveret,
475 3042 546 3087 ere
569 3022 663 3086 sitin
688 3022 871 3086 sententiam
896 3021 1142 3087 Wentzelianam
1164 3041 1257 3104 supra
1267 3021 1294 3104 ²)

167 3125 332 3189 refutatam
356 3125 517 3206 inquirere.
573 3124 640 3188 Etsi
664 3123 746 3188 enirn
769 3122 954 3206 Gregorium
977 3123 1169 3189 Corinthium
1192 3125 1293 3188 exter-

168 3228 362 3305 minavimus,
387 3229 489 3291 temen
514 3227 582 3293 lons
605 3227 671 3310 ejus
692 3226 816 3292 Psellus
840 3244 911 3290 cum
933 3226 1031 3290 lexico
1048 3226 1233 3308 Segueriauo
1248 3225 1292 3288 lv

168 3331 337 3412 comparari
369 3332 480 3411 potest.
535 3330 636 3410 Atque
668 3348 701 3392 re
733 3348 807 3393 vera
829 3328 970 3394 videmus
993 3330 1112 3393 exstare
1135 3329 1291 3410 quandam

167 3432 249 3497 inter
270 3450 321 3496 eos
344 3432 504 3496 rationem.
550 3432 691 3497 Primum
713 3433 731 3516 ἓ
753 3430 796 3494 29
825 3431 1049 3516 κληρωταὶ
1070 3431 1112 3493 δὲ
1135 3429 1292 3514 ἀρχαί,

167 3533 431 3618 πράκτορες,
477 3534 687 3620 ἐαζλογεῖς
725 3536 801 3597 καὶ
836 3534 1121 3617 ἀντιγραφαῖς
1157 3533 1293 3616 legimus

167 3637 226 3702 lex.
250 3637 320 3720 Seg.
344 3638 397 3702 lV.
425 3639 494 3702 190.
517 3639 569 3716 26,
600 3639 653 3704 ubi
676 3658 731 3720 pro
753 3636 928 3721 ἀντιγραφή
953 3636 1084 3719 quilibet
1106 3636 1173 3701 loco
1195 3635 1294 3701 Pselli

166 3740 302 3804 nondum
335 3742 456 3823 cognito
487 3741 733 3806 emendationem
765 3739 979 3825 decerperetur
1011 3741 1041 3804 in
1066 3739 1204 3821 margine
1235 3739 1292 3803 ad·

168 3843 335 3925 scripserit.
380 3844 460 3907 Tum
484 3844 763 3930 διαψήφισιν,
797 3842 1090 3927 ἀποψήφισιν,
1120 3843 1291 3925 ἔφεσιν,

272 4183 299 4248 1)
317 4180 467 4249 Stojentin‚
487 4181 569 4234 dhbb.
588 4180 606 4233 f.
624 4181 695 4235 Phil.
715 4183 773 4236 119.
794 4181 860 4236 1879
878 4195 903 4248 p.
927 4179 974 4234 114
991 4195 1055 4235 ann.
1075 4181 1098 4233 1.

270 4266 299 4335 2)
318 4281 343 4334 p.
363 4266 421 4321 115.
926 4302 928 4306 Α
