2924 4928
708 318 747 382 73

63 521 121 600 φαί
142 518 322 604 δωροξενίας
365 520 368 605 l
1239 521 1418 606 δωροξενίας

63 671 65 692 ,
108 621 319 706 συκοφαντίας
366 630 368 703 l
490 625 699 707 συκοφαντίας
868 630 1079 714 συκοφαντίας
1240 624 1449 708 συκοφαντίας

63 777 64 790 ,
109 723 216 809 δώρων
366 740 368 794 ἑ
488 725 593 811 δώρων
867 733 971 816 δώρων
1122 733 1125 876 β
1237 728 1340 812 δώρων

109 802 368 912 benennon?
487 829 731 915 lavernasco
1238 831 1441 915 νενδεινιαν

107 930 368 1017 ψευδοκλητείας

488 1034 602 1120 ύβρεως
866 1038 981 1124 ὕβρεων

107 1135 303 1220 βουλεύσεως
488 1136 681 1223 βουλεύσεως
867 1140 1059 1226 βουλεύσεως

108 1238 263 1322 ἀγραφίου

109 1340 252 1426 μοιχείας
491 1341 631 1426 μοιχείας
868 1344 1008 1429 μοιχείας

1238 1037 1353 1121 ὕβρεως

1238 1137 1429 1224 βουλεύσεως

1237 1340 1377 1427 μοιχείας

1145 1448 1200 1508 καὶ
1223 1445 1339 1508 ἄλλων.

1123 1122 1126 1203 ¹

1122 1338 1125 1433 ῑ

1121 1470 1124 1542 l

261 1713 328 1779 Hoc
349 1714 417 1779 loco
449 1715 565 1797 optime
596 1718 767 1781 communis
790 1717 885 1782 trium
909 1719 1192 1802 lexicographorum
1216 1720 1282 1784 fons

156 1818 351 1901 perspicitur.
408 1818 490 1883 Nam
514 1839 573 1884 non
596 1820 697 1885 solum
735 1840 841 1886 omnes
872 1822 934 1885 tres
965 1821 1095 1886 eundern
1129 1822 1281 1887 delectum

158 1941 319 1987 causarum
353 1924 392 1988 ab
418 1921 587 1989 Aristotele
619 1926 866 1989 enumeratorum
901 1925 1057 2006 praebent,
1090 1927 1144 1990 sed
1179 1928 1281 2010 γραφὴ

158 2024 272 2110 ύβρεως
301 2024 333 2089 in
365 2025 472 2090 eodem
503 2025 572 2090 loco
606 2028 644 2092 ab
668 2028 810 2093 omnibus
841 2029 941 2092 tribus
965 2029 1164 2110 scriptoribus
1188 2029 1282 2093 collo·

159 2128 245 2191 eatur
276 2128 308 2191 et
337 2129 455 2210 γραφαί
477 2127 618 2213 μοιχείας
640 2130 671 2194 et
694 2128 886 2216 βουλεύσεως
908 2131 947 2194 ab
969 2130 1080 2196 iisdem
1104 2133 1211 2194 eodem
1234 2149 1283 2194 or-

160 2229 229 2294 dino
250 2231 375 2295 inverso
398 2230 622 2296 describuntur.

406 2493 442 2573 b)
475 2492 503 2556 in
528 2493 635 2573 glossa
658 2494 870 2577 ἄρχοντες
893 2495 940 2557 vel
965 2495 1033 2556 sim.

260 2681 379 2746 Eadem
402 2680 504 2764 capita
527 2681 626 2746 libelli
648 2681 837 2760 Aristotele,
869 2701 947 2764 quae
978 2682 1099 2764 glossae
1132 2681 1283 2766 ἡγεμονία

158 2783 361 2870 δικαστηρίου
393 2785 620 2868 componendae
654 2785 816 2850 materiem
848 2786 1135 2867 suppeditaverant,
1169 2786 1283 2850 incerto

158 2888 206 2952 illi
229 2887 349 2953 auctori
369 2889 483 2954 iterum
507 2888 576 2951 usui
599 2887 694 2966 erant,
727 2905 797 2952 cum
820 2905 926 2952 vocem
950 2889 1164 2972 ἄρχοντες
1186 2887 1284 2970 expli-

159 2992 252 3056 caret.
291 2991 351 3055 Sed
366 2990 410 3055 ibi
433 2991 527 3055 aliam
549 2991 701 3055 rationem
724 2991 847 3054 secutus
880 2992 928 3055 est
951 3010 1048 3073 noque
1072 2993 1200 3056 curabat
1223 2992 1285 3056 dis-

156 3095 295 3179 jungere,
319 3114 396 3179 quae
419 3115 437 3160 a
460 3113 579 3177 quoque
602 3095 788 3177 magistratu
811 3096 891 3160 actio
914 3096 956 3159 sit
977 3095 1131 3174 instituta,
1154 3096 1206 3160 sed
1228 3114 1284 3176 po-

161 3200 222 3264 tius
245 3204 384 3282 ipsorum
407 3199 646 3283 magistratuum
671 3198 771 3263 officia
794 3199 886 3263 certis
908 3198 1020 3263 finibus
1036 3198 1284 3263 circumscribere

161 3302 192 3366 in
215 3302 317 3368 animo
339 3302 483 3368 habebat.
537 3301 621 3382 Quae
653 3321 689 3366 ex
714 3302 771 3367 hac
793 3302 898 3385 glossa
922 3303 1038 3384 reliqua
1061 3302 1191 3379 exstant,
1224 3302 1284 3364 mi·

161 3403 246 3469 nima
268 3405 341 3469 sunt
363 3408 395 3468 et
415 3407 535 3469 tantum
555 3404 693 3468 divinare
716 3404 798 3482 lieet,
822 3405 896 3487 quid
919 3406 950 3468 in
970 3405 1133 3488 archetypo
1148 3404 1283 3484 pleniore

160 3508 312 3590 scriptum
326 3509 428 3575 fuerit.
464 3509 535 3575 Lex.
554 3509 623 3591 Seg.
639 3508 677 3571 V.
696 3507 766 3572 loa.
782 3508 803 3570 9
817 3509 849 3573 et
863 3508 916 3572 Vl.
933 3509 1006 3572 450.
1020 3507 1050 3586 9,
1067 3527 1143 3590 quae
1161 3507 1285 3571 confusa

160 3613 234 3677 sunt
256 3612 294 3677 ab
317 3612 366 3678 Et.
390 3613 433 3677 M.
459 3613 531 3678 151.
556 3613 606 3692 11,
638 3612 670 3676 in
693 3611 838 3676 archonte
870 3631 1019 3693 eponymo
1051 3611 1224 3687 subsistunt
1254 3612 1285 3674 et

160 3715 332 3780 ceterorum
362 3716 543 3781 archontum
574 3716 697 3782 tantum
728 3716 853 3780 nomina
875 3715 990 3793 dicunt,
1023 3714 1192 3791 abeodem
1225 3732 1284 3796 quo

160 3817 243 3900 apud
276 3818 372 3884 schol.
405 3821 493 3885 Dem.
525 3819 598 3884 706.
632 3818 673 3882 12
703 3819 846 3902 legimns,
885 3818 1009 3883 ordine:
1049 3818 1283 3896 tlresmotlretae‚

160 3940 221 3999 rex,
244 3921 469 4003 polemarchue
493 3923 623 4000 archon3
649 3942 741 4005 quem
764 3922 900 3987 ordinem
925 3922 1020 3988 schol.
1045 3921 1126 3986 Plat.
1152 3921 1284 3986 Phaedr.

160 4023 224 4086 '235
256 4023 450 4106 D(Dr“rbner
472 4025 498 4090 l.
529 4045 559 4107 p.
592 4024 664 4090 704.
697 4023 752 4108 22)
785 4025 931 4089 turbarit.
986 4024 1035 4088 Ad
1066 4043 1144 4107 quae
1176 4025 1285 4089 rudera

160 4127 344 4209 complenda
375 4129 513 4212 singulas
545 4128 735 4212 singulorum
761 4127 1046 4211 lexicographorum
1069 4128 1189 4209 glossas
1213 4148 1284 4193 con·

159 4231 238 4295 lene
260 4231 373 4313 placet.
