2924 4928
713 329 756 394 39

170 554 242 616 peo
265 532 453 609 inscribitur,
476 533 663 597 mentionem
686 533 770 597 facit.
807 533 897 598 Tales
921 552 1083 598 causarum
1098 534 1293 616 publicarum

170 637 327 718 patronos,
350 636 450 717 qualis
473 635 608 700 Pericles
631 637 707 709 erat,
729 654 799 700 cum
823 634 983 700 Cimonem
1005 637 1177 715 accusabat,
1211 657 1294 703 sem·

170 758 225 820 per
254 756 315 802 non
339 740 428 817 sorte,
464 739 518 803 sed
549 738 693 821 suffragio
724 757 740 802 0
763 739 1037 819 praestantissimis
1060 739 1196 805 civitatis
1218 740 1293 805 uiris

170 841 284 907 electos
307 860 373 906 esse
396 861 451 923 per
473 861 506 907 se
528 843 767 907 consentaneum
789 843 845 906 est.
892 841 1097 907 Scholiastam
1110 843 1293 924 Aristopha-

170 945 219 1008 nis
235 949 269 1023 ¹),
302 945 355 1027 qui
377 945 416 1009 ad
448 963 493 1022 ea,
526 963 604 1026 quae
635 963 671 1008 ex
692 944 900 1026 Aristophane
926 947 993 1026 ipso
1015 947 1168 1029 cognonit,
1201 965 1292 1029 syne-

169 1066 260 1128 goros
283 1047 421 1131 singulas
443 1047 605 1112 drachmas
628 1047 799 1112 mercedem
818 1048 981 1130 accepisse,
1005 1048 1112 1114 statim
1128 1049 1293 1131 magistra·

168 1151 237 1215 tum
261 1150 484 1215 Aristoteleum
516 1149 668 1234 adjungit,
698 1150 799 1215 aliena
830 1151 958 1216 miscere
984 1151 1052 1234 jam
1082 1151 1292 1232 8010110011)

169 1252 314 1317 ostendit.
367 1253 499 1319 Eosdem
531 1252 589 1317 lex.
622 1252 691 1336 Seg.
715 1254 754 1319 V.
776 1253 894 1318 301.4
926 1255 958 1318 et
980 1253 1071 1318 Phot.
1104 1273 1129 1317 s.
1160 1273 1188 1318 u.
1222 1272 1292 1318 oum

169 1356 299 1439 priuatis
322 1375 483 1421 causarum
506 1357 661 1423 actoribus
684 1357 867 1438 composuit.
912 1356 1001 1436 Quod
1022 1357 1081 1422 lex.
1104 1355 1190 1421 (iant.
1216 1376 1237 1420 s.
1263 1377 1293 1421 v.

169 1457 314 1542 λογισταί
344 1459 531 1535 hariolum,
569 1459 734 1540 postquam
765 1458 916 1540 Kaibel³j
947 1460 1084 1541 glossam
1114 1458 1293 1524 Aristotelis

167 1562 284 1629 auxilio
299 1562 437 1640 conexit
456 1561 601 1644 jamnon
624 1581 678 1644 pro
701 1562 883 1627 documento
905 1561 1006 1627 afferri
1029 1562 1140 1645 potest,
1162 1562 1294 1643 logistas

168 1666 200 1729 ct
222 1683 387 1750 synogoros
419 1674 566 1746 umquam
589 1665 734 1747 suffragio
757 1665 941 1730 constitutos
974 1683 1050 1731 esse.
1094 1663 1223 1747 Majoris
1246 1664 1294 1729 est

168 1770 319 1833 momenti
350 1768 507 1833 decretum
536 1767 853 1852 Myrrhinusiorum‘)
887 1769 974 1832 annis
1006 1770 1077 1850 post
1102 1765 1293 1830 344-340

167 1871 266 1955 lapidi
288 1872 420 1936 incisum
447 1873 477 1934 h.
501 1891 527 1936 0.
551 1872 668 1936 eisdem
700 1871 763 1935 fere
794 1871 994 1951 temporibus,
1027 1871 1137 1953 quibus
1168 1870 1293 1935 libellus

168 1979 273 2039 noster
303 1975 340 2039 de
362 1976 533 2057 Republica
557 1975 792 2040 Atheniensium
824 1976 1014 2056 conscriptus
1046 1977 1101 2040 est.
1147 1975 1292 2058 Euthyni

167 2078 312 2161 legistae,
345 2080 489 2162 synogori
512 2079 622 2162 pagi⁵)
653 2080 767 2143 mirum
791 2080 940 2160 quantum
971 2078 1158 2160 respondent
1192 2076 1294 2161 magi·

168 2181 317 2246 stratibus
339 2182 536 2263 reipublicae,
560 2181 620 2245 nisi
643 2181 724 2264 quod
746 2181 795 2244 illi
817 2180 962 2264 suffragio
984 2181 1178 2264 legebantur.
1216 2179 1307 2244 Cum

168 2285 276 2347 notum
314 2284 372 2362 sit,
410 2285 555 2349 instituta
591 2284 780 2365 reipublicae
816 2283 904 2367 pagis
942 2285 1122 2365 plerumque
1154 2283 1293 2364 exemplo

167 2387 263 2451 fuisse
274 2386 309 2469 ⁶),
342 2387 479 2469 proiecto
511 2388 618 2451 mirari
645 2406 818 2471 possumus,
850 2406 904 2451 cur
934 2387 1135 2471 Myrrhinusii
1168 2386 1205 2449 ab
1238 2387 1293 2450 hoo

168 2490 307 2572 exemplo
337 2490 542 2556 discesserint.
591 2491 696 2572 itaque
719 2491 795 2555 haec
817 2489 854 2554 de
876 2489 1035 2572 synagoris
1058 2489 1197 2570 quaestio
1219 2506 1292 2552 oon·

167 2593 260 2671 torta,
294 2594 390 2657 donec
414 2595 484 2659 novi
506 2594 591 2659 tituli
613 2594 743 2658 certiora
766 2592 933 2669 docuerint,
964 2593 996 2655 in
1028 2610 1176 2672 suspenso
1197 2590 1293 2653 relin-

168 2696 289 2777 quenda
311 2697 367 2762 est.

270 2798 342 2863 Jam
366 2816 460 2881 supra
482 2798 615 2863 vidimus
638 2817 654 2863 e
677 2799 744 2863 1000
766 2798 1028 2880 Harpocrationeo
1052 2817 1076 2862 s.
1101 2816 1129 2861 v.
1162 2795 1293 2860 0111111001

169 2900 305 2965 nondum
337 2884 419 2966 certo
451 2901 593 2966 concludi
623 2920 723 2984 posse,
755 2902 871 2966 fontem
896 2901 1062 2965 Aristotele
1090 2900 1293 2981 antiquiorem

168 3005 199 3068 et
222 3004 261 3068 ah
284 3022 320 3068 co
343 3004 497 3070 diversum
520 3004 571 3068 hic
591 3004 678 3070 nobis
700 3007 822 3086 praesto
845 3023 921 3069 0000.
966 3003 1033 3082 Quo
1056 3002 1175 3068 accedit
1197 3004 1294 3067 altera

168 3126 262 3172 causa
292 3127 308 3172 e
340 3109 441 3173 verbis
472 3109 743 3191 Harpocrationeis
775 3110 850 3190 ipsis
887 3108 1007 3173 hausta.
1065 3107 1291 3189 Harpocration

167 3210 696 3293 0111111101Ηο100010110111010110,
723 3212 894 3277 testimonii
917 3212 985 3276 loco
1008 3211 1147 3274 nominat
1170 3209 1292 3273 Aristo·

166 3313 238 3377 10110
255 3314 292 3378 (10
308 3314 478 3396 Republica
493 3313 730 3380 Atheniensium
753 3315 905 3382 libellum.
955 3315 998 3378 At
1015 3332 1069 3395 per
1092 3332 1124 3376 se
1146 3313 1210 3376 veri
1229 3312 1294 3375 dis-

271 3638 296 3704 1)
316 3639 400 3703 Vesp.
419 3638 477 3690 691.

270 3726 297 3790 2)
316 3726 351 3779 (10
369 3724 492 3778 0011111110
509 3738 535 3790 p.
557 3722 614 3775 108.

271 3813 298 3876 3)
316 3810 370 3864 Stil
389 3825 415 3863 u.
434 3809 509 3863 Text
526 3823 552 3875 p.
571 3807 630 3862 227.

269 3898 297 3961 4)
316 3895 387 3950 CJA.
405 3895 437 3948 11.
460 3896 520 3948 578.

269 3987 297 4052 5)
315 3985 422 4039 thler
443 3981 687 4037 0101011018
714 3984 813 4036 eontra
831 3982 861 4035 R.
889 3981 1052 4046 Schdllium
1080 3983 1115 4035 de
1142 3981 1292 4049 synogoris

167 4070 262 4124 atticis
275 4084 301 4138 p.
320 4069 353 4123 29
372 4084 412 4136 sq.
428 4068 494 4136 jnre
513 4067 665 4131 contendit,
684 4067 868 4133 magistratus
880 4065 1095 4134 Myrrhinusios‚
1113 4080 1170 4119 non
1182 4066 1293 4119 Atticos

166 4156 374 4222 intellegendos
397 4169 468 4208 esse.

271 4240 299 4306 6)
317 4240 438 4304 Reusch,
458 4240 569 4294 dissert.
588 4240 737 4306 Argentor.
755 4238 793 4291 111
811 4254 835 4307 p.
855 4239 896 4293 66.
