2924 4928
782 317 822 380 10

238 520 427 585 Aristotelea
458 519 637 602 intellegere
668 538 843 600 possumne,
878 520 959 602 quod
986 520 1202 603 gravissimum
1226 522 1371 586 nostrum

239 623 377 688 officium
399 641 466 687 esse
490 623 590 687 debet.

341 726 432 792 Nunc
454 726 542 791 illum
567 726 670 791 locum
702 726 956 808 contemplemur,
988 744 1079 808 quem
1110 726 1149 789 ad
1181 726 1298 790 fontem
1328 745 1371 790 ex

238 830 406 896 Aristotele
429 848 488 893 non
511 829 696 911 pendentem
717 829 927 894 Wilamowitz
949 829 1054 905 refert,
1085 827 1165 893 unde
1188 830 1219 893 et
1239 828 1368 892 Aristo·
1439 904 1442 908 Α

237 933 330 997 telam
362 933 394 996 et
421 932 470 996 Et.
495 933 536 996 ll.
571 950 627 996 sua
658 951 809 1013 quemque
840 931 979 996 hausisse
1011 932 1073 996 sibi
1103 929 1274 1014 persuasit:
1312 930 1366 994 lit.

240 1035 342 1118 Magn.
374 1034 447 1099 369.
463 1037 512 1099 15.
560 1034 654 1100 Cuius
688 1035 804 1099 fontem
837 1036 1009 1118 proximum
1033 1035 1150 1099 lexicon
1182 1034 1262 1098 illud
1294 1033 1368 1097 rhe-
1418 1047 1421 1051 ’

237 1138 369 1202 turicum
391 1137 494 1214 fuisse,
527 1137 608 1218 quod
630 1138 809 1202 mutilatum
832 1138 1068 1220 excerptumque
1091 1138 1123 1202 in
1156 1137 1222 1201 cod.
1246 1137 1366 1219 Segus-

237 1241 322 1304 riano
339 1242 471 1305 exstaret
486 1241 518 1303 et
532 1240 570 1304 ab
587 1241 677 1305 Imm.
693 1240 831 1305 Beklrero
842 1241 873 1304 in
890 1239 1048 1304 anecdotis
1063 1241 1181 1323 graecis
1196 1239 1221 1302 I.
1241 1238 1302 1301 195
1317 1257 1366 1320 sq.

237 1345 354 1410 editum
378 1345 470 1420 esset,
502 1349 666 1408 asseverat.
720 1342 819 1422 Quam
850 1344 1037 1408 sententiam
1060 1362 1157 1425 neque
1180 1343 1366 1425 impugnare

238 1465 335 1529 neque
359 1446 486 1528 probare
510 1445 618 1525 audeo,
642 1465 740 1526 neque
763 1464 949 1526 quemquam
972 1445 1061 1510 credo
1084 1465 1102 1509 a
1124 1464 1173 1508 me
1189 1443 1326 1526 postulat
1351 1479 1366 1491 ·

236 1568 304 1613 rum
329 1567 404 1627 esse,
429 1548 464 1611 ut
486 1547 524 1612 ad
547 1547 627 1612 hanc
650 1548 859 1630 quaestionem
883 1547 1110 1613 dissolvendam
1133 1549 1232 1612 totum
1252 1565 1364 1627 corpus

236 1652 487 1736 lltymologicum
519 1651 699 1733 disquiram,
737 1653 835 1716 sentes
866 1651 1020 1732 proximos
1047 1654 1079 1716 et
1101 1652 1235 1715 remotos
1258 1650 1365 1733 sejun-

237 1774 328 1838 gam,
359 1774 450 1818 suum
481 1755 591 1836 cuique
624 1754 761 1818 reddam.
817 1753 874 1818 Oui
907 1753 1011 1820 studio
1045 1754 1208 1835 pertricato
1231 1773 1280 1818 me
1303 1771 1364 1816 non

237 1876 341 1940 parem
366 1877 432 1922 esse
455 1857 591 1922 sincerus
614 1857 759 1923 eonfitmr
781 1859 820 1936 et,
856 1861 1040 1941 quicumque
1064 1858 1095 1921 in
1118 1858 1168 1922 his
1190 1858 1280 1921 rebus
1308 1855 1364 1920 de-

238 1960 368 2038 sudavit,
400 1979 461 2024 non
483 1961 615 2044 ignerat,
647 1980 757 2042 parum
789 1961 889 2026 adhuc
912 1962 989 2026 oerti
1011 1962 1207 2027 enucleatum
1229 1979 1296 2024 esse
1318 1961 1365 2024 vi-

237 2083 345 2147 rosque
368 2065 473 2130 doctos
496 2068 527 2130 ct
548 2066 659 2129 harum
679 2085 783 2131 rerum
805 2066 1009 2148 peritissimos
1029 2065 1188 2141 fluctuare,
1212 2064 1364 2147 quantum

237 2168 358 2245 Photio,
383 2169 532 2249 quantum
548 2169 750 2252 Diogeniano,
773 2170 923 2252 quantum
946 2170 1051 2234 lexicis
1069 2169 1239 2244 rhetoricis,
1263 2185 1363 2249 quan·

237 2273 303 2335 turn
329 2269 399 2334 aliis
422 2271 571 2336 tribuant.
625 2270 725 2351 Quam
758 2272 984 2338 dubitationem
1006 2271 1215 2337 Wentzelium
1228 2272 1254 2350 ¹)
1276 2270 1362 2335 volu-

238 2373 348 2437 minel
372 2374 507 2456 corporis
529 2374 816 2458 lexicographorum
840 2394 1019 2458 graecorum
1038 2374 1156 2440 edendo
1172 2393 1241 2439 mox
1256 2373 1363 2438 subla·

237 2477 341 2539 turum
366 2494 432 2540 esse
456 2495 578 2557 sperare
601 2477 686 2542 licet.
732 2477 792 2542 Sed
823 2480 1004 2560 priusquam
1030 2477 1124 2542 fidem
1145 2476 1308 2541 exsolverit
1329 2477 1364 2539 et

237 2578 356 2660 copiam
389 2579 562 2662 glossarum
594 2580 777 2662 dispositam
809 2581 991 2663 singulaque
1022 2581 1054 2644 in
1076 2600 1189 2664 genera
1212 2578 1363 2643 distribu-

237 2684 302 2745 tam
333 2682 508 2763 protulerit,
540 2684 769 2748 commentariis
801 2685 865 2748 suis
892 2684 991 2766 plenis
1014 2682 1128 2748 additis
1152 2682 1361 2763 argumentis·

238 2803 295 2865 que
333 2784 499 2850 luculentis
532 2785 678 2868 adjectiS,
722 2787 845 2869 legibus
882 2788 957 2852 satis
994 2786 1091 2851 firmis
1128 2787 1159 2850 et
1198 2784 1363 2850 stabilibus

237 2887 407 2970 egebimus.

339 2990 501 3055 Praeterea
523 2991 763 3057 fundamentum
785 2995 897 3075 ipsum,
930 3013 990 3075 quo
1016 2993 1084 3075 quis
1107 2993 1193 3057 nisus
1216 3008 1361 3073 prospero

236 3094 348 3157 eventu
370 3093 452 3158 huno
473 3094 588 3159 librum
610 3095 641 3159 in
665 3114 756 3159 usum
780 3115 869 3160 suum
893 3096 1060 3173 convertat,
1083 3095 1217 3158 maxime
1232 3093 1362 3158 dubium

237 3198 294 3262 est.
325 3196 406 3262 Nam
423 3216 493 3261 eum
508 3198 680 3281 glossarum
695 3199 884 3281 thesaurum,
900 3218 991 3282 quem
1007 3197 1256 3283 Etymologicum
1269 3196 1361 3279 Mag-

235 3317 309 3363 num
326 3299 484 3364 nominare
499 3308 699 3379 assuevimus,
726 3301 764 3366 ab
781 3302 896 3368 editore
912 3303 1050 3385 principe
1065 3300 1218 3384 Calliergo
1236 3319 1252 3365 e
1267 3300 1361 3365 variis

236 3400 341 3467 lexicis
353 3405 570 3486 manuscriptis
584 3423 639 3469 suo
658 3405 785 3472 arbitrio
798 3406 1005 3489 conscriptum
1020 3425 1096 3484 esse,
1113 3404 1322 3470 Reitzenstein
1334 3404 1360 3486 ²)

236 3505 379 3570 omnibus
401 3506 476 3571 viris
499 3507 607 3585 doctis,
632 3511 780 3590 quantum
804 3510 877 3588 scio,
901 3508 1062 3590 persuasit.
1098 3506 1186 3587 Quod
1202 3508 1305 3571 utrum
1324 3526 1361 3571 ex

236 3609 369 3692 Etymol.
393 3608 542 3688 (lanuino,
576 3610 658 3693 quod
680 3611 803 3689 dicitur,
833 3612 864 3675 et
895 3609 1033 3693 Etymol.
1057 3609 1199 3674 Gudiano
1231 3609 1358 3691 conglu-

235 3711 380 3791 tinatum,
404 3732 443 3777 an
462 3733 498 3778 ex
513 3733 574 3778 uno
590 3714 641 3780 llt.
657 3713 738 3779 eud.
754 3713 973 3779 additamentis
996 3713 1145 3796 appositis
1168 3711 1360 3778 contractum

236 3815 286 3894 sit,
319 3815 419 3882 adhuc
452 3817 508 3880 sub
536 3815 693 3901 judicibus
723 3817 832 3882 harum
864 3835 967 3882 rerum
997 3815 1193 3899 peritissimis
1216 3814 1360 3880 Reitzen-

235 4023 492 4034 ——-—-——.

342 4160 368 4227 1)
386 4158 578 4227 Sitaungsber.
598 4160 649 4213 der
664 4157 737 4213 Berl.
756 4158 840 4214 Acad.
862 4158 928 4212 1895
945 4171 971 4226 p.
989 4157 1049 4212 487.

338 4264 367 4327 2)
385 4261 523 4330 Philolog.
546 4263 589 4317 48.
607 4278 633 4331 p.
652 4262 711 4317 450.
