2924 4928
657 278 718 343 103

121 482 214 549 τοῦθ’
250 482 384 566 ἁπλοῦν,
429 483 486 547 ἐὰν
512 481 646 565 ἁπλοῦν,
670 482 725 546 ἐὰν
739 484 799 565 πρὸ
814 491 872 567 τῆς
890 502 950 567 κης
966 483 1002 544 τὸ
1017 480 1139 567 τίμημα
1154 480 1247 566 ἀργύ-

121 584 181 670 πρὸ
214 595 272 670 τῆς
301 585 334 649 9.
368 607 484 669 πρυτα-
511 585 541 648 9.
574 583 760 669 πρυτανείας
797 586 872 649 ἀπο·
889 584 988 668 ptiust)
1005 585 1102 667 ἐστιν,
1124 584 1248 647 ἀποτιν-

123 687 206 765 velere
229 687 358 772 ἐκτείσῃ
373 710 431 772 τις,
459 689 485 752 εἰ
512 687 613 771 eonp-
639 689 666 751 εἰ
688 686 722 749 δὲ
746 687 803 772 μή,
828 687 870 750 δι·
890 687 1017 772 vipereo
1039 686 1169 750 ἁπλοῦν.

122 790 238 877 δὲμὴ,
263 790 439 856 bertlottus.
512 790 613 854 πλοῦν
623 788 869 874 καταβάλλεται.

226 996 429 1061 Manifestum
460 996 508 1060 est
538 995 596 1061 hoe
627 1014 746 1078 quoque
777 995 845 1060 loeo
872 995 1136 1076 alexicogrophis
1159 994 1247 1059 nobis

121 1096 200 1162 nihil
230 1098 316 1162 aliud
347 1097 449 1162 offerri
471 1117 565 1180 quam
586 1096 766 1162 Aristotelis
789 1097 880 1161 verba
904 1096 1083 1161 detruncata
1115 1098 1147 1161 et
1177 1115 1245 1161 mu·

121 1200 221 1266 tilata.
279 1201 350 1265 Lex.
376 1202 449 1283 Seg.
472 1200 501 1263 V
527 1219 564 1264 rx
584 1199 828 1281 Harpocratione
860 1217 919 1264 non
943 1198 1076 1280 pendere
1107 1218 1166 1264 non
1188 1199 1246 1281 est,

122 1303 204 1386 quod
227 1304 340 1370 dieam.
395 1303 619 1386 Harpocration
642 1305 708 1385 ipso
732 1303 901 1368 Aristotele
931 1302 975 1367 uti
999 1302 1110 1385 potuit,
1142 1304 1246 1368 nostro

122 1406 189 1470 loeo
212 1425 286 1470 num
310 1425 384 1472 usus
408 1406 460 1485 sit,
484 1405 626 1471 dubitare
649 1406 732 1470 lieet.
771 1404 857 1484 Quod
882 1406 908 1469 si
930 1404 1064 1484 fecisset,
1087 1424 1156 1470 eum
1173 1407 1245 1470 Ari-

122 1509 265 1578 stotelem
288 1509 472 1575 nominatim
494 1508 694 1574 laudaturum
718 1509 823 1587 luisse,
846 1506 1016 1572 ceterorum
1039 1507 1176 1572 locorum
1194 1528 1245 1574 ra·

121 1612 205 1676 tione
227 1611 343 1684 habite.
369 1612 433 1677 veri
448 1612 550 1677 simile
566 1614 622 1676 est.
659 1611 742 1676 Num
758 1612 875 1676 aueteri
897 1611 986 1675 lexioi
1010 1610 1079 1694 Seg.
1099 1611 1138 1691 V,
1161 1615 1245 1695 quis·

121 1714 189 1796 quis
220 1713 289 1793 fuit,
322 1715 445 1780 omnino
477 1716 565 1799 eopia
594 1715 686 1779 huius
707 1714 839 1798 insignis
860 1715 968 1780 auxilii
991 1714 1156 1780 adhibendi
1178 1717 1245 1781 lue-

119 1817 172 1894 rit,
195 1816 286 1881 valde
313 1817 430 1883 dubito.

451 2056 482 2137 r)
516 2056 545 2119 in
570 2057 677 2138 plesse
701 2055 911 2141 πωληταί.

223 2206 269 2284 ld,
294 2206 375 2290 quod
399 2207 511 2272 Pollux
532 2206 674 2273 111199
697 2208 734 2273 de
757 2208 868 2292 poletis
892 2208 1030 2287 tradidit,
1053 2227 1147 2291 supra
1157 2207 1182 2292 ²)
1206 2208 1245 2272 ad

119 2309 323 2374 Aristotelem
346 2310 449 2392 ipsum
472 2311 588 2389 rettuli,
623 2313 783 2395 inprimis
818 2313 926 2378 ceteris
957 2311 1244 2395 lexicographorum

118 2413 196 2477 loeis
220 2412 432 2492 consideratis,
464 2414 517 2495 qui
539 2415 633 2480 verba
655 2413 793 2496 ejusdem
816 2415 910 2480 fontis
932 2415 994 2496 jam
1017 2433 1036 2478 a
1058 2415 1161 2478 neseio
1183 2432 1243 2495 quo

118 2515 280 2580 eontracta
302 2518 334 2579 et
356 2515 528 2599 paullisper
552 2518 673 2581 mutata
695 2536 761 2582 esse
785 2519 1006 2596 demonstrant,
1039 2535 1109 2581 eum
1131 2516 1243 2581 Pollux

118 2619 248 2701 plenum
281 2618 458 2684 contextum
491 2622 562 2684 ante
594 2621 699 2686 oeulos
731 2621 874 2686 habuisse
904 2621 1055 2686 rideatur.
1099 2619 1183 2684 Nam
1206 2620 1243 2684 de

118 2721 356 2806 magistratibus
388 2731 453 2798 τοῖς
486 2722 538 2786 ἐπὶ
569 2725 605 2786 τὸ
631 2723 786 2807 θεωρικὸν
808 2723 973 2809 ᾑρημένοις
1004 2724 1123 2807 poletas
1155 2721 1244 2804 adju-

117 2825 265 2890 vantibus
297 2827 330 2890 et
360 2825 398 2889 de
430 2826 517 2890 bonis
548 2825 710 2890 hominum
732 2826 764 2890 in
788 2828 949 2910 Areopago
972 2825 1243 2892 condemnatorum

117 2928 315 3010 publicandis
345 2928 470 3011 praeter
492 2930 574 2994 huno
596 2948 685 2994 nomo
709 2929 878 3012 quidquam
901 2930 1164 3009 commemoravit,
1194 2930 1244 2993 ta·

118 3051 189 3097 mon
212 3050 310 3116 neque
332 3031 415 3096 inter
440 3051 506 3097 sese
530 3051 628 3114 neque
651 3032 689 3097 ab
712 3033 883 3097 Aristotele
906 3033 1000 3098 ceteri
1022 3034 1156 3098 multum
1179 3031 1244 3095 dis·

119 3133 267 3200 sentiunt.

35 3338 170 3408 Aristol.
195 3342 298 3408 47.2
378 3341 476 3424 Harp.
500 3359 527 3405 s.
550 3360 578 3404 ν.
604 3365 642 3394 =
738 3341 810 3405 tex.
836 3344 911 3424 Sep.
936 3343 972 3406 V.
1038 3343 1111 3406 tex.
1136 3343 1224 3406 Dem.
1256 3362 1286 3426 p.
1311 3344 1345 3408 14

401 3426 489 3490 Suid.
513 3426 555 3508 pl.
577 3427 611 3490 2.
785 3429 850 3492 291.
875 3428 914 3492 17.
1115 3428 1154 3491 ad
1178 3429 1196 3510 ξ
1218 3427 1272 3496 le.

14 3562 160 3647 πυληταὶ
194 3563 234 3627 10
265 3561 321 3650 μέν
356 3562 599 3649 Πωληταὶ....υῑ
609 3564 665 3647 μὲν
700 3563 951 3649 Πωληταί·ἀρχή
964 3586 1009 3641 τις
1035 3562 1189 3650 Πωληταὶ
1205 3563 1239 3628 δέ
1260 3564 1346 3631 ἐστιν

17 3667 83 3749 εἰσι,
104 3665 278 3751 κληροῠται
294 3665 322 3729 δ’
356 3665 504 3751 πωληταὶ
519 3664 603 3750 ἀρχή
620 3664 666 3740 τίς
700 3665 880 3753 Ἀθήνησίν
924 3667 1010 3733 ἐστιν
1037 3667 1122 3753 ἀρχὴ
1144 3667 1217 3751 παρ’
1240 3666 1344 3756 ’Asp-

18 3770 56 3844 εἰς
75 3768 115 3832 ἐκ
130 3779 189 3852 τῆς
203 3769 318 3854 φυλῆς.
357 3769 442 3834 ἐστιν
489 3768 663 3857 Ἀθήνησι,
701 3770 722 3854 ἡ
760 3779 822 3835 τῶν
854 3771 1010 3857 πωλητῶν
1037 3769 1132 3848 ναίοις
1156 3771 1196 3834 10
1212 3771 1342 3858 ἀνδρῶν,

115 3977 377 3986 ——-—--.

221 4123 247 4194 1)
266 4127 327 4181 uod.
349 4125 484 4195 ἀργυρίου.

218 4210 247 4280 2)
266 4227 292 4280 p.
312 4213 354 4267 64.
