2924 4928
744 345 806 409 106

210 553 278 632 Qua
299 552 331 615 in
354 570 386 615 re
409 548 635 632 Harpocration
659 547 743 612 tonte
767 547 805 611 ad
828 547 956 611 verbum
984 546 1166 629 plerumque
1188 546 1339 610 transcri-

210 653 308 718 bendo
339 652 459 718 fidelior
491 652 559 728 tuit,
590 651 703 715 Pollux
734 669 783 714 res
811 669 952 732 perverse
975 649 1152 714 intellectus
1174 649 1206 713 et
1226 648 1339 712 miser-

209 759 285 822 rime
308 757 490 841 depravatas
513 755 632 820 furatus
655 754 755 818 estet
778 753 820 831 id,
844 753 925 835 quod
948 753 986 817 ab
1002 752 1064 817 alio
1081 752 1242 817 mutuatus
1258 754 1337 830 erat,

210 861 298 942 quasi
320 878 411 924 suum
434 860 525 934 esset,
549 857 767 942 promulgavit.
812 857 948 938 Uterque
973 875 1045 921 uero
1068 857 1190 938 praeter
1212 855 1338 920 Aristo·

210 963 304 1027 telem
327 962 488 1044 inprimis
513 963 637 1026 lexicon
661 961 819 1044 quoddam
844 961 1033 1024 rhetoricum
1057 959 1089 1023 iu
1112 958 1255 1023 manibus
1277 957 1337 1022 ba-

210 1067 311 1144 bebat,
343 1067 430 1130 ouius
462 1064 568 1130 auctor·
590 1065 692 1129 nescio
715 1065 767 1146 qui
801 1064 919 1145 etipse
944 1064 1121 1127 Aristotelis
1144 1063 1336 1145 opusculum

209 1172 239 1233 in
263 1188 352 1234 usum
384 1187 475 1233 suum
506 1168 669 1247 convertit,
701 1168 803 1232 itaut
825 1186 841 1232 e
864 1167 994 1250 singulis
1017 1165 1171 1246 capitibus
1195 1165 1336 1248 singulas

210 1273 328 1354 glossas
359 1273 484 1337 faceret.
529 1271 589 1336 Sed
620 1271 679 1336 boo
710 1271 794 1336 fonte
821 1269 956 1335 noudum
980 1269 1143 1334 contentus
1166 1266 1281 1351 adjecit
1303 1269 1336 1332 et

210 1375 350 1454 intexuit,
381 1392 590 1455 quaecumque
613 1392 650 1437 err
672 1376 849 1438 oratoribus
871 1372 1034 1455 praecipue
1056 1373 1088 1436 et
1110 1373 1243 1436 comicis
1266 1372 1336 1440 atti·

211 1481 256 1543 cis
288 1477 327 1542 ad
358 1477 485 1542 lacunas
517 1475 704 1560 supplendas
735 1478 767 1542 et
797 1477 836 1541 ad
868 1476 1097 1561 diligentiorem
1118 1476 1334 1542 institutorum

209 1583 254 1646 rei
284 1580 426 1663 publicae
458 1580 657 1645 Atheniensis
689 1581 850 1645 scientiam
881 1580 951 1646 usui
983 1580 1011 1644 ei
1041 1599 1107 1645 esse
1144 1579 1212 1644 visa
1249 1580 1333 1644 sunt.

210 1685 358 1749 Attamen
389 1684 562 1765 temperare
592 1683 652 1748 sibi
683 1702 743 1748 non
775 1685 886 1767 potuit,
919 1684 992 1767 quin
1025 1683 1184 1768 egregium
1214 1682 1333 1747 lentem

211 1787 409 1853 Aristotelem
433 1786 574 1852 omnibus
596 1787 707 1853 ceteris
730 1789 931 1870 praeponeret
953 1788 985 1852 ct
1006 1787 1203 1870 potissimum
1222 1805 1333 1868 seque-

210 1891 302 1954 retur.
356 1888 423 1954 Hoc
454 1891 557 1954 autem
589 1890 706 1954 lexicon
738 1889 925 1955 rhetoricum
956 1909 1012 1972 per
1042 1891 1143 1955 uarias
1174 1889 1331 1972 ambages,

207 2011 283 2074 quas
306 1991 436 2056 enodare
458 1995 691 2074 praematurum
713 1993 766 2071 sit,
796 1993 879 2058 varie
910 1993 942 2058 in
975 1999 1080 2059 nostra
1113 1994 1214 2057 toxica
1237 1994 1332 2056 solio·

208 2099 320 2177 lisque,
345 2112 422 2176 quae
445 2095 533 2160 uobis
556 2096 733 2162 etiamnunc
752 2098 928 2179 supersunt,
949 2098 1108 2179 receptum
1130 2098 1188 2162 est.
1239 2095 1331 2159 Illinc

208 2198 391 2280 perspicitur
422 2198 603 2278 similitudo,
635 2219 713 2282 quae
743 2200 907 2266 intercedit
937 2201 1018 2266 iuter
1048 2200 1186 2283 singulos
1216 2198 1331 2264 lexico·

207 2302 338 2384 graphos
370 2303 401 2366 et
432 2302 594 2368 Pollucem
625 2305 657 2368 et
677 2305 963 2387 Harpocrationem.
1007 2304 1175 2386 Reliquum
1205 2304 1262 2381 cst,
1295 2305 1331 2367 ut

206 2409 237 2468 in
262 2407 404 2470 naturam
435 2406 526 2472 huius
557 2406 646 2472 lexici
669 2407 823 2491 deperditi
845 2408 949 2491 paullo
973 2407 1153 2488 diligentius
1176 2407 1331 2490 inquiram

208 2509 248 2585 ot,
271 2507 423 2590 quomodo
447 2510 652 2592 compositum
676 2512 728 2590 sit,
760 2511 786 2574 si
808 2511 882 2592 quid
904 2511 1064 2575 enucleare
1086 2509 1213 2593 possim,
1234 2513 1330 2574 'inve-

207 2612 322 2695 stigare
344 2612 491 2693 experiar.
536 2612 586 2677 Ad
609 2632 700 2695 quam
733 2632 799 2679 rem
831 2613 1062 2697 disceptandam
1092 2631 1174 2679 nune
1203 2614 1330 2696 propius

208 2715 350 2780 secedere
372 2717 403 2780 in
426 2715 530 2780 animo
551 2716 659 2782 babeo.
