2924 4928
173 547 261 630 sequi
284 563 457 629 possumus,
482 542 554 626 quid
578 542 702 606 Polluci
725 542 921 607 scribendum
947 543 1050 621 suerit,
1075 543 1102 607 si
1120 543 1300 610 Aristotelis

174 650 412 732 Rempublicam
434 647 670 712 Atheniensium
704 646 733 709 in
767 665 875 710 manus
898 646 1090 728 sumpsisset.
1135 647 1301 713 Praeterea

176 754 364 819 conveniunt
394 752 497 833 aliqua
529 770 564 815 ex
590 751 685 832 parto,
720 768 798 832 quae
821 749 917 815 schol.
940 749 1052 815 Aeseb.
1084 747 1114 814 3.
1146 749 1189 813 25
1220 751 1300 834 legi-

174 877 261 922 mus:
286 856 488 920 ἀποδεκτῶν·
514 853 599 918 οὗτοί
615 853 673 917 εἰσι
696 852 804 937 ταμίαι
827 853 966 937 εἰςιροροὶς
988 856 1044 917 καὶ
1066 853 1177 938 φόρους
1199 877 1300 938 παρα-

173 959 395 1045 λαμβάνοντες.
435 957 535 1038 Quam
554 958 592 1023 ob
608 975 674 1022 rem
690 956 797 1021 dubito
820 975 858 1020 au
882 956 999 1021 lexicon
1021 956 1208 1022 rhetoricum
1232 958 1300 1023 fons

174 1063 229 1127 ille
252 1063 354 1128 luerit.

278 1183 362 1263 Quae
385 1184 496 1249 Pollux
528 1185 546 1265 ξ
574 1181 675 1266 essee
707 1182 745 1247 de
777 1182 885 1246 scribis
917 1182 1042 1263 profert,
1074 1181 1186 1246 melius
1217 1183 1301 1264 apud

176 1287 377 1352 Aristotelem
400 1288 451 1352 54.
467 1287 532 1365 3,4
555 1288 686 1370 legimus
699 1287 733 1370 ¹).
779 1286 854 1350 Tres
877 1285 965 1350 erant
987 1286 1105 1350 scribae
1121 1285 1300 1350 Aristotelis

174 1392 330 1472 tempore:
373 1393 403 1475 1)
426 1392 442 1454 ὁ
464 1394 550 1454 κατὰ
573 1389 771 1474 πρυτανείαν,
807 1389 839 1474 2)
863 1390 879 1452 ὁ
902 1389 953 1453 ἐπὶ
976 1391 1047 1465 τοὺς
1069 1388 1192 1474 νόμους,
1225 1389 1300 1468 3)δ

174 1503 231 1557 τοῦ
247 1493 366 1579 δήμου.
389 1492 613 1578 Ἀντιγραιρεὺς
636 1503 694 1578 τῆς
709 1491 892 1577 διοικήσεως
910 1511 1004 1574 aeque
1028 1494 1120 1573 atque
1145 1492 1161 1554 ὁ
1184 1492 1236 1555 ἐπὶ
1260 1501 1299 1575 τῇ

173 1596 328 1680 διοικήσει
360 1599 398 1661 ab
430 1597 598 1662 Aristotele
637 1597 872 1662 commemorari
911 1614 970 1660 non
1004 1597 1188 1678 potuerunt,
1227 1596 1301 1677 quia

176 1702 303 1782 uterque
327 1701 527 1784 magistratus
550 1700 614 1764 illis
637 1699 830 1782 temporibus
852 1700 976 1782 ignotus
1000 1705 1076 1764 erat.
1122 1699 1180 1764 Sed
1203 1699 1301 1763 etiam

175 1802 368 1887 ἀντιγραφὲα
391 1813 449 1887 τῆς
471 1802 598 1889 βουλῆς,
624 1804 682 1868 etsi
706 1803 926 1884 Harpocration
939 1801 965 1885 ²)
988 1801 1045 1866 boe
1068 1801 1234 1879 contendit,
1266 1801 1300 1864 in

175 1905 285 1970 charta
307 1908 413 1970 nostra
436 1925 493 1969 non
515 1906 788 1970 commemoratum
819 1906 1005 1983 invenimus,
1027 1923 1124 1986 neque
1155 1903 1222 1968 fieri
1244 1923 1301 1986 po·

179 2011 251 2088 test,
282 2008 370 2073 utin
394 2009 534 2090 partibus
557 2008 728 2091 deperditis
762 2009 922 2085 exstiterit,
947 2010 1020 2090 quie
1041 2008 1167 2072 lacunas
1190 2008 1300 2090 operis,

174 2111 258 2193 quod
295 2112 333 2176 ad
366 2115 583 2196 argumentum
614 2113 744 2191 attinet,
791 2132 889 2194 paene
925 2131 1022 2194 usque
1059 2111 1096 2175 ad
1129 2112 1300 2175 extremam

177 2216 293 2280 lincam
309 2217 429 2298 euplore
445 2236 619 2299 possumus.
658 2217 942 2299 Harpocrationem,
964 2217 1017 2298 qui
1033 2216 1101 2280 aliis
1124 2214 1200 2279 loeis
1224 2215 1300 2278 satis

175 2318 268 2384 caute
284 2318 463 2384 Aristotelis
479 2321 573 2385 uerba
594 2320 741 2386 tractavit
758 2339 854 2402 neque
876 2339 1023 2402 umquam
1046 2319 1115 2383 falsi
1132 2317 1300 2400 quidquam

79 2408 81 2412 ’
177 2421 253 2486 sonti
285 2442 340 2489 suo
367 2424 550 2507 imposuisse
573 2423 703 2500 ridetur,
735 2422 793 2488 hoc
822 2423 889 2488 loco
921 2423 1035 2487 famam
1067 2440 1156 2487 suam
1186 2420 1300 2484 bonam

179 2526 317 2592 amisisse
350 2527 400 2592 vix
432 2528 607 2593 concedam.
664 2527 772 2609 ltaque
810 2527 871 2592 alia
897 2527 947 2591 via
977 2526 1057 2591 banc
1087 2524 1301 2608 quaestionem

177 2629 311 2694 enodare
335 2630 450 2695 studui.
503 2631 595 2713 Apud
620 2631 709 2696 Dem.
735 2629 787 2694 22.
810 2629 852 2692 38
885 2631 916 2694 et
947 2630 1058 2694 Aescb.
1093 2628 1123 2691 3.
1146 2625 1187 2690 25
1207 2626 1300 2692 'nobis

178 2734 309 2798 occurrit
331 2734 547 2817 ἀντιγραφεὺς,
569 2754 663 2816 quem
687 2735 856 2799 Aeschines
878 2735 970 2798 antea
993 2732 1138 2816 suffragio
1161 2732 1300 2796 creatum

176 2853 243 2898 esse
268 2835 352 2899 dicit.
397 2837 512 2899 Eadem
537 2837 721 2902 Aristoteles
745 2837 782 2902 de
803 2845 982 2922 γραμματεῖ
1004 2837 1089 2898 κατὰ
1110 2833 1300 2919 πρυτανείαν

176 2937 309 3019 profert:
333 2936 482 3021 πρότερον
504 2940 561 3023 μὲν
584 2941 638 3004 οὖν
660 2943 749 3015 οὗτος
775 2941 815 3024 ἡν
837 2939 1065 3025 χειροτονητὸς.
1114 2938 1188 3002 lude
1210 2937 1301 3002 facile

176 3042 214 3117 is,
245 3040 298 3121 qui
329 3041 517 3108 orationibus
548 3042 612 3107 illis
645 3043 886 3126 interpretandis
908 3061 1030 3126 operam
1054 3042 1149 3119 dedit,
1177 3060 1300 3106 sumere

177 3144 278 3225 potnit
300 3145 431 3209 scribam
456 3146 633 3212 Aristotelis
658 3150 789 3212 eundem
813 3167 879 3212 esse
902 3149 993 3228 atque
1016 3144 1208 3230 ἀντιγραρὲα
1230 3165 1297 3210 ora-

175 3248 288 3327 torum,
320 3249 500 3330 praesertim
519 3268 592 3314 cum
616 3251 801 3317 Aristoteles
824 3252 856 3314 in
879 3250 987 3316 oificiis
1019 3258 1074 3313 τοῦ
1105 3251 1191 3313 κατὰ
1222 3270 1298 3332 πρυ-

177 3349 300 3414 τανείαν
332 3351 539 3417 describendis
571 3354 695 3418 uocibus
728 3353 949 3437 ἀντιγράρεται
981 3355 1036 3415 καὶ
1066 3351 1299 3436 παρακάθηται

177 3464 216 3538 τῇ
240 3454 338 3541 βουλῇ
362 3458 477 3522 utatur.
522 3458 613 3521 Hunc
636 3458 855 3541 magistratum
878 3476 896 3522 a
918 3458 981 3522 viro
1005 3456 1093 3521 docto
1116 3455 1299 3520 Alexandri-

176 3577 282 3623 norum
317 3560 428 3624 aetatis
460 3578 476 3625 e
507 3561 608 3626 uerbis
631 3561 809 3627 Aristotelis
841 3579 911 3625 eum
934 3559 1087 3625 Aeschine
1113 3559 1298 3641 comparatis

173 3659 282 3726 fictum
314 3663 539 3745 Harpocration
568 3664 664 3746 (unde
696 3664 781 3731 Suid.
814 3685 839 3729 s.
862 3684 891 3728 ν.
917 3693 953 3719 =
986 3665 1094 3728 Zonar.
1117 3683 1147 3746 p.
1173 3660 1234 3726 176
1256 3688 1298 3719 ε·-

280 3989 305 4053 1)
325 3987 526 4050 Quaestionem
546 3989 739 4043 difficillimam
759 3990 792 4043 de
810 3990 929 4053 ratione,
958 4002 1029 4056 quae
1048 3991 1205 4045 intercedat
1223 3992 1299 4046 inter

174 4072 283 4125 scribas
312 4087 328 4126 a
356 4073 540 4140 scriptoribus
568 4089 674 4142 eosque
701 4076 730 4128 in
748 4076 979 4142 inscriptionibus
998 4078 1233 4130 commemoratos
1251 4077 1299 4132 bic

172 4171 231 4211 non
249 4160 371 4224 tangam.

275 4261 304 4326 2)
324 4275 344 4315 s.
363 4276 390 4315 v.
409 4263 590 4331 ἀντιχροιφεύς
