2924 4928
710 337 753 401 26

272 543 351 609 Sane
374 544 511 626 pleniore
534 546 711 609 recensione
732 545 823 610 lerici
847 544 917 628 Seg.
940 544 979 610 V.
1001 544 1049 610 uti
1071 545 1204 628 poterat,
1237 545 1304 610 lor·

168 649 251 712 tasse
274 647 367 710 etiam
390 665 465 711 usus
499 647 561 725 est,
593 666 779 729 quamquam
812 647 954 712 omnibus
976 646 1089 730 glossis
1112 647 1305 731 diligentius

168 750 303 815 nondum
334 749 434 816 denuo
466 750 646 816 examinatis
669 753 701 815 et
724 770 794 815 cum
820 751 930 816 Photio
953 750 1084 834 aliisque
1108 753 1301 834 comparatis

168 852 268 918 verbis
294 851 476 936 Boysenii¹i
509 853 583 917 solis
615 852 706 917 fidem
739 853 851 918 habere
881 870 943 918 non
974 871 1111 936 possum.
1164 853 1202 918 ln
1233 873 1301 919 una

168 956 250 1020 enim
282 955 393 1019 saltem
423 955 528 1038 glossa
558 954 635 1032 πνὺξ
670 957 732 1039 (llt.
756 957 800 1021 M.
823 955 897 1020 677.
921 956 979 1035 45)
1016 956 1197 1040 explicanda
1230 956 1303 1023 sine

168 1056 232 1122 ulla
255 1056 447 1122 dubitatione
470 1059 591 1124 errarit.
637 1060 713 1124 Eam
732 1059 849 1142 justius
871 1079 941 1126 cum
964 1059 1076 1124 Photio
1099 1079 1124 1125 s.
1147 1079 1176 1125 v.
1199 1078 1299 1142 quarn

169 1181 238 1226 cum
261 1161 318 1225 lex.
336 1160 407 1245 Sag.
425 1163 462 1226 V.
479 1161 552 1226 292.
564 1162 606 1225 30
629 1164 832 1246 comparabis.
867 1164 912 1228 De
936 1164 1155 1229 altercantem
1172 1162 1299 1242 (EtM.

167 1262 240 1328 699.
269 1265 305 1327 14
329 1264 482 1348 πάραλος)
516 1265 683 1346 disceptari
706 1267 882 1332 etiamnunc
905 1268 993 1344 licet,
1027 1268 1132 1331 utrum
1164 1265 1204 1330 ad
1236 1267 1297 1330 lex.

169 1366 238 1451 Seg.
262 1368 300 1432 V.
323 1365 396 1431 293.
420 1367 440 1430 3
463 1386 501 1432 an
521 1368 559 1432 ad
583 1369 672 1433 Phot.
698 1388 724 1435 s.
751 1389 777 1433 v.
802 1369 916 1434 collata
943 1369 1048 1452 glossa
1070 1367 1225 1452 παράλιον
1257 1388 1298 1432 an

169 1471 207 1535 ad
229 1471 326 1552 Harp.
350 1490 374 1535 s.
397 1491 425 1536 v.
458 1471 568 1537 melius
592 1472 729 1554 quadrat.
788 1473 846 1537 Sed
879 1473 920 1536 sit
951 1474 1008 1537 hoc
1040 1491 1155 1548 verum,
1188 1473 1296 1537 tamen

168 1564 340 1656 glossae,'a
357 1574 507 1657 Boysenio
530 1593 546 1639 e
569 1576 673 1640 littera
697 1575 727 1640 Π
748 1577 870 1640 tantum
895 1576 1084 1659 collectae2),
1108 1575 1147 1639 ad
1170 1575 1300 1640 senten-

168 1677 244 1740 tiam
268 1695 369 1741 meam
392 1677 585 1741 refutandam
608 1678 685 1742 nihil
707 1679 820 1744 valent.
860 1679 942 1744 Nam
965 1697 1086 1762 semper
1107 1679 1158 1742 ut.
1174 1677 1218 1741 M.
1242 1696 1297 1742 ao·

169 1781 299 1862 quiescit
331 1781 384 1844 aut
415 1781 446 1844 in
479 1783 665 1846 testimoniis
691 1784 830 1848 veterum
854 1782 1038 1847 adnotandis
1061 1783 1115 1847 aut
1136 1782 1169 1845 in
1191 1780 1298 1846 verbis

168 1885 274 1965 paneis
298 1885 329 1947 et
351 1886 584 1967 transponendis
614 1892 645 1951 et
668 1886 827 1952 addendis.
873 1888 1048 1968 Numquam
1073 1905 1125 1950 ree
1147 1904 1164 1949 a
1188 1887 1298 1949 lexico

169 1987 244 2067 Sep.
267 1986 305 2052 v.
331 1988 474 2052 incohata
507 1992 554 2053 ria
587 2009 624 2053 ac
656 1993 775 2054 ratione
807 1992 845 2055 ab
870 1991 917 2056 Et.
943 1992 987 2057 M.
1014 2006 1110 2072 porco
1132 1991 1297 2063 tractatur,

167 2089 197 2153 id
222 2089 302 2171 quod
325 2092 428 2154 nostro
451 2092 518 2156 loco
541 2092 606 2156 fieri
630 2093 751 2158 ridetur
774 2096 805 2158 et
819 2093 901 2176 quod
916 2093 1037 2158 tamdiu
1052 2111 1159 2157 revera
1174 2091 1294 2156 factum

168 2212 234 2257 esse
258 2194 345 2258 nobis
369 2194 554 2259 credendum
578 2200 654 2274 erat,
677 2196 750 2261 dum
775 2197 836 2262 alia
859 2196 973 2260 auxilia
995 2195 1168 2260 defuerunt.
1202 2191 1295 2256 Nunc

167 2299 224 2362 les.
241 2298 296 2362 illo
313 2298 550 2364 Demosthenico
575 2302 655 2364 foras
678 2301 760 2378 dato,
789 2301 927 2383 quaestio
950 2301 1045 2365 aliam
1067 2299 1151 2364 viam
1172 2295 1295 2380 ingredi

169 2400 258 2465 debet
284 2402 316 2465 et
338 2400 388 2466 hic
410 2402 488 2467 liber
510 2422 605 2484 aeque
628 2405 720 2485 atque
743 2405 803 2467 lex.
828 2403 897 2486 Seg.
923 2404 960 2468 V.
984 2403 1071 2468 nobis
1098 2400 1294 2466 adhibendus

167 2609 287 2674 tissime
303 2609 464 2675 Patmiaco
488 2629 567 2675 saec.
584 2611 611 2674 X
636 2629 694 2674 non
712 2610 829 2675 scholia
846 2610 1085 2675 Demosthenica
1103 2609 1212 2684 inesse,
1239 2605 1295 2670 sod

167 2731 276 2796 corpus
298 2712 472 2795 glossarum
504 2732 518 2777 e
549 2713 775 2797 lexicograpbis
798 2713 917 2794 graecis
940 2715 1167 2795 congestarum.
1211 2710 1295 2791 Ergo

166 2816 223 2881 lex.
247 2814 349 2878 Patm.
375 2813 482 2877 eadem
512 2833 545 2878 re
578 2834 638 2897 qua
672 2815 730 2880 lox.
763 2815 833 2898 Seg.
867 2817 904 2879 V.
937 2815 1039 2898 Etym.
1072 2814 1114 2878 M.
1147 2816 1292 2893 superat:

166 2918 221 2981 illa
264 2935 359 2979 unum
406 2916 520 2980 iontem
561 2918 592 2980 in
630 2937 812 3001 rinaquaque
850 2921 954 3002 glossa
991 2917 1187 2994 describunt,
1231 2915 1291 2980 hoc

166 3020 266 3084 uarios
299 3019 458 3083 confundit
489 3023 520 3084 et
551 3022 714 3085 contrahit.
768 3020 886 3100 Quibus
914 3020 1056 3085 omnibus
1079 3019 1237 3102 perpensis
1261 3019 1292 3082 et

166 3123 351 3205 proprietate
382 3123 454 3189 talis
486 3126 621 3206 corporis
645 3124 851 3208 Etymologici
884 3124 1078 3190 considerata
1104 3122 1166 3188 nisi
1187 3124 1292 3187 mente

166 3227 387 3307 praeoccupata
420 3246 438 3291 a
469 3228 585 3292 memet
606 3228 673 3310 ipso
697 3228 852 3310 postulare
876 3246 935 3292 non
960 3245 1095 3310 possum,
1126 3227 1162 3291 ut
1183 3226 1291 3289 auoto-

165 3328 251 3393 ritati
267 3325 498 3394 Wilamowitrii
525 3331 636 3394 cedens
659 3330 781 3395 credam
804 3331 897 3396 verba
921 3329 1162 3413 Atthidographi
1185 3329 1289 3392 cuius·

166 3431 237 3496 dam
259 3431 304 3495 lV
326 3432 375 3497 vel
399 3432 427 3495 V
449 3451 527 3497 saec.
552 3454 578 3497 a.
604 3432 672 3498 Chr.
697 3433 856 3514 usquead
879 3433 918 3499 X.
941 3453 971 3516 p.
996 3431 1064 3497 Chr.
1089 3450 1179 3511 saec,
1208 3431 1238 3495 b.
1263 3451 1290 3498 o.

165 3536 196 3599 id
220 3536 354 3618 tempus,
379 3555 437 3618 quo
462 3534 682 3602 Constantinus
702 3536 1010 3621 Porphyrogennetus
1033 3536 1090 3600 tali
1113 3535 1216 3601 studio
1239 3554 1290 3600 ox-

166 3638 310 3718 oerpendi
327 3641 358 3704 et
374 3639 603 3705 contaminandi
619 3639 751 3718 favebat,
775 3640 896 3724 integra
911 3640 1061 3704 mansisse
1078 3641 1108 3704 et
1122 3658 1187 3704 rem
1207 3639 1290 3722 apnd

166 3741 215 3804 Et.
231 3741 273 3805 M.
290 3743 402 3808 melius
425 3742 556 3807 describi
580 3761 672 3824 quam
695 3743 725 3806 in
743 3743 920 3808 Aristotelis
942 3742 1049 3807 libello
1066 3745 1103 3808 de
1118 3742 1290 3825 Republica

166 3844 412 3912 Atheniensium.

164 4005 263 4013 —.-..
267 4006 421 4012 -.————.-

268 4104 294 4168 1)
312 4103 329 4156 l.
349 4102 365 4155 l.
384 4117 409 4169 p.
428 4104 469 4156 71.

266 4188 292 4253 2)
311 4188 417 4242 Vocem
435 4189 561 4323 ἱερὸυποιοί
578 4203 664 4256 supra
681 4204 707 4256 p.
728 4191 763 4257 13!
773 4189 806 4242 14
833 4191 915 4244 aliter
942 4191 1085 4258 explicare
1104 4190 1287 4252 tentavimus.

266 4272 295 4340 3)
314 4273 330 4325 l.
350 4273 367 4325 l.
387 4287 411 4339 p.
431 4273 488 4327 82.
