2924 4928
169 651 253 739 §2
304 653 366 720 Ex
399 671 450 720 ea
482 653 772 741 discrepantia,
806 672 912 742 quae
944 653 1158 723 intercedit
1189 655 1293 723 inter

170 755 317 842 [Dem]
342 754 405 822 43.
429 755 477 822 75
502 757 542 822 et
565 754 736 823 Aristot.
761 755 825 823 56.
850 756 884 841 7,
917 776 998 825 11611
1031 758 1096 825 est
1128 757 1291 826 conclu·

169 857 360 942 dendum‚
384 857 652 927 Aristotelem
675 878 822 928 vocem
848 860 1100 945 σκήπτσμαι
1132 880 1155 928 6
1180 860 1295 928 fonte

379 979 454 1048 per
476 959 637 1028 litteras
660 960 810 1029 tradito
835 961 1065 1049 accepisse.

274 1150 391 1227 Timeo,
423 1169 459 1213 ne
483 1149 608 1228 diutius,
641 1169 731 1232 quam
757 1170 813 1231 par
835 1154 901 1216 erat
923 1153 955 1216 et
976 1172 1023 1216 res
1047 1153 1233 1234 postulabat,
1263 1155 1293 1216 in

168 1252 226 1316 hac
257 1253 438 1334 quaestione
470 1252 668 1335 dijudicanda
700 1255 836 1318 moratus
868 1255 937 1317 sim.
992 1254 1050 1319 Sed
1074 1256 1214 1320 consulto
1237 1256 1294 1320 hoc

168 1355 237 1432 feei,
271 1356 305 1419 ut
336 1355 440 1421 labore
475 1356 644 1438 anticipato
676 1357 784 1438 postea
806 1357 855 1420 Et.
881 1356 922 1420 M.
955 1357 1203 1438 edisputatione
1226 1377 1294 1423 mea

168 1476 330 1540 segregare
367 1477 490 1540 possem
527 1460 559 1523 et
592 1461 711 1542 partem
752 1478 861 1541 operae
898 1460 974 1523 mibi
1010 1459 1076 1541 ipse
1113 1461 1293 1526 minuerem.

168 1560 282 1634 Contra
298 1559 430 1625 alterum
448 1561 681 1626 Wilamouitzii
694 1561 718 1644 ¹)
741 1563 959 1644 argumentum
975 1562 1096 1628 brevius
1112 1563 1294 1648 redarguere

167 1681 344 1744 possumus.
403 1663 574 1728 Discrimen
598 1665 689 1743 enim,
722 1664 803 1746 quod
835 1666 935 1729 exstat
957 1667 1038 1731 inter
1059 1666 1160 1750 legem
1184 1669 1220 1733 de
1244 1688 1293 1732 ar-

167 1767 289 1831 61161116
312 1765 422 1831 officiis
452 1766 534 1848 apud
558 1764 676 1852 [Dein]
699 1766 752 1833 43.
774 1765 816 1830 75
848 1768 1002 1832 servatam
1036 1769 1068 1834 et
1099 1769 1137 1833 ab
1165 1770 1292 1834 Aristot.

168 1868 374 1954 66115611)
397 1870 555 1944 traditam,
579 1869 666 1934 nulla
689 1869 751 1935 alia
773 1871 893 1935 ratione
916 1890 945 1934 v.
962 1869 990 1934 d.
1008 1871 1160 1952 explicare
1184 1874 1293 1954 potest,

167 1993 263 2056 quarn
288 1973 323 2037 ut
347 1973 466 2037 statuat
492 1972 672 2055 scriptorem
704 1974 857 2056 quendam
888 1993 961 2038 1666
993 1972 1186 2058 σκήπτομαι,
1217 1993 1293 2056 quae

166 2078 199 2140 in
231 2077 300 2160 lege
332 2094 394 2140 non
425 2075 568 2154 exstaret,
601 2094 690 2140 usum
724 2094 790 2139 esse
822 2076 915 2158 atque
948 2076 1149 2142 Aristotelem
1180 2078 1294 2140 611166

167 2180 317 2263 scriptore
348 2179 428 2243 116116
458 2178 558 2262 ipsam
591 2197 695 2244 vocem
719 2198 883 2262 usurpasse
907 2180 937 2243 et
959 2197 1032 2243 suae
1056 2180 1223 2244 narrationi
1246 2181 1293 2243 in·

167 2283 310 2348 seruisse.
356 2281 423 2361 Qua
446 2281 477 2345 in
501 2300 533 2346 re
556 2282 623 2363 ipso
647 2281 810 2346 confitetur
831 2281 960 2345 verbum
976 2280 1158 2366 σκήπτομαι
1181 2282 1212 2346 in
1230 2282 1293 2345 dis-

167 2386 282 2468 ciplina
300 2383 379 2467 juris
396 2383 494 2447 Attici
518 2384 755 2448 usitatissimum
781 2383 888 2448 luisse.
932 2384 976 2448 Ut
999 2384 1061 2448 alia
1085 2384 1236 2461 emittam,
1260 2383 1292 2445 in

166 2488 420 2570 inscriptionibus
455 2487 619 2553 navalibus
653 2505 671 2550 a
702 2485 877 2568 Bdekhio³)
917 2487 1054 2551 collectis
1086 2487 1295 2550 memorantur

167 2589 349 2675 τριήραρχοι
373 2589 571 2674 σκηψάμενρι
595 2590 680 2652 κατὰ
702 2596 843 2672 χειμῶνα
868 2587 1063 2652 ἀπολωλέναι
1086 2589 1106 2652 1.
1130 2608 1156 2652 6.
1180 2590 1216 2667 ei,
1241 2588 1294 2669 qui

166 2695 198 2758 in
218 2693 337 2778 judicie
359 2711 419 2756 non
436 2711 492 2755 sua
516 2691 608 2772 culpa
630 2693 683 2756 sed
706 2691 890 2770 tempestate
913 2692 1018 2773 iniqua
1041 2709 1149 2755 navem
1167 2692 1292 2772 periisse

167 2795 369 2861 contendunt.
415 2792 468 2858 Sin
492 2793 589 2874 igitur
610 2793 695 2875 leges
718 2793 756 2856 ab
780 2792 947 2858 Aristotele
969 2792 1204 2872 adhibebantur,
1227 2794 1294 2875 ipso

166 2918 222 2980 pro
246 2897 381 2980 φάσκειν
401 2897 493 2962 verbo
510 2893 716 2979 σκήπτεσθαι
739 2894 785 2959 uti
808 2895 939 2976 poterat,
961 2897 1039 2977 quod
1064 2896 1180 2977 optime
1203 2897 1295 2960 sciret

168 3022 204 3066 ex
235 3000 312 3084 ipsis
345 3000 536 3065 documentis
569 3018 658 3080 saepe
690 3018 760 3064 ase
782 2999 940 3064 lectitatis.
986 3001 1034 3063 An
1058 3001 1149 3080 putas
1172 2998 1295 3063 Aristo·

167 3105 264 3169 telem
285 3103 388 3186 legem
410 3104 564 3186 integram
587 3119 708 3165 serrare
732 3101 884 3179 debuisse,
908 3120 999 3182 quarn
1024 3104 1211 3165 commutare
1234 3102 1294 3163 At-

165 3207 375 3292 thidograpbo
403 3205 527 3271 cuidam
554 3204 684 3269 liceret?
729 3203 879 3283 Quisnam
903 3203 1119 3285 philosophum
1142 3202 1291 3284 impedire

165 3313 299 3393 poterat,
332 3311 496 3393 quominus
528 3308 704 3373 contextum
733 3306 812 3390 legis
836 3306 971 3370 consiliis
998 3305 1062 3370 suis
1084 3305 1292 3386 adaequaret?

166 3414 229 3480 Cur
261 3413 381 3479 auctori
413 3413 518 3477 nestro
550 3413 658 3476 eadem
682 3430 739 3476 vox
762 3408 934 3473 adhibenda
957 3408 1032 3485 erat,
1065 3426 1125 3488 qua
1155 3406 1206 3469 1611
1236 3425 1292 3470 usa

167 3518 242 3594 erat,
277 3517 305 3583 si
330 3517 392 3582 alia
415 3517 443 3579 ei
468 3514 500 3580 et
522 3515 622 3596 aptior
645 3532 711 3579 esse
735 3512 890 3578 videretur
912 3528 1010 3592 neque
1032 3510 1093 3592 ipsi
1115 3509 1221 3592 ignota
1244 3527 1292 3573 es·

166 3621 240 3686 set?
284 3619 364 3683 Turn
389 3619 457 3701 quis
480 3634 535 3698 pre
558 3617 640 3681 66116
664 3615 806 3693 affirmet,
842 3615 873 3678 111
897 3612 1034 3696 exemplo
1058 3613 1135 3698 legis
1158 3611 1293 3676 6111111-

165 3723 289 3789 stotelis
320 3741 413 3788 usum
445 3719 600 3803 descripte
638 3719 763 3783 verbum
801 3716 951 3799 φάσκειν,
990 3734 1049 3781 non
1088 3713 1292 3799 σκήπτεσθαι

271 4029 297 4094 1)
317 4029 334 4083 1.
353 4029 370 4081 l.
390 4027 445 4095 lp.
464 4029 523 4083 259.

271 4115 299 4180 2)
319 4114 352 4168 cf.
372 4127 459 4181 supra
478 4127 540 4180 pag,
561 4111 614 4178 lsi.

271 4198 384 4266 3)Ur1‹.
404 4201 474 4254 iiber
492 4200 542 4253 das
562 4198 713 4252 Seewesen
732 4199 781 4251 des
801 4199 850 4251 att.
865 4196 985 4250 Staates.
1015 4195 1047 4250 N.
1076 4196 1139 4249 XVl
1152 4197 1177 4249 b.
1199 4197 1232 4250 96
1250 4211 1290 4263 sq.

165 4288 194 4340 et
212 4301 239 4354 p.
258 4285 318 4338 214.
