2924 4928
698 321 760 386 108

169 527 226 591 bus
242 526 418 591 litterarum
434 526 507 592 ordo
532 527 631 609 magis
654 526 797 609 placeret,
825 523 962 589 ordinem
986 523 1079 588 lentis
1102 521 1240 586 delerent
1260 522 1289 586 et

168 648 215 708 ea,
239 649 316 711 0000
339 631 370 694 10
394 630 477 694 10010
500 629 674 694 seeundum
698 647 802 693 reram
824 627 967 693 ordinem
990 625 1132 690 enarrata
1152 625 1288 703 fuissent

168 732 342 797 secondum
358 734 497 814 01000100
515 735 634 797 litteras
658 732 886 796 distribuerent.
931 729 1030 806 Unus,
1051 735 1205 811 quantum
1220 729 1290 806 scio,

168 835 222 915 qui
244 835 315 898 huic
338 834 508 898 sententiae
531 834 688 898 communi
711 834 884 916 nuperrime
906 832 1021 897 restitit
1050 833 1082 896 01
1104 830 1291 915 contrarium

169 937 297 1020 protulit
314 935 477 1018 jndicium,
509 937 796 1003 ratiocinationibus
819 935 955 1001 nondum
977 935 1010 999 in
1033 933 1158 1018 publico
1181 951 1291 1016 propo·

167 1042 236 1105 sitis
259 1042 313 1105 aut
335 1041 412 1104 mihi
434 1040 545 1105 saltem
570 1040 670 1105 adhuc
692 1041 818 1124 ignotis
842 1039 881 1105 G.
898 1038 1039 1104 Weutzel
1061 1039 1109 1103 est
1122 1037 1161 1116 ¹).
1200 1035 1291 1103 Cuius

168 1143 373 1225 seutentiam,
407 1162 484 1225 0000
515 1144 562 1207 his
594 1144 765 1209 continetur
798 1143 970 1226 praeceptis
1005 1141 1290 1223 Harpocrationem,

171 1245 337 1324 Pollucem,
368 1249 525 1311 auctorem
554 1244 660 1310 lexicis
692 1244 873 1328 Segneriani
905 1246 956 1325 (ex
987 1246 1090 1326 parte)
1123 1262 1196 1309 usos
1227 1261 1291 1307 esse

167 1349 366 1426 onomastico,
390 1347 471 1430 quod
494 1349 618 1426 dicitur,
650 1349 845 1412 verissimam
868 1367 944 1424 esse,
968 1365 1047 1428 mox,
1070 1345 1172 1425 credo,
1204 1347 1291 1429 pate·

170 1449 231 1513 1101.
277 1449 365 1529 Quod
389 1451 415 1515 si
438 1452 492 1514 aut
516 1470 584 1514 mea
599 1455 782 1531 argumenta
797 1469 867 1515 cum
886 1448 1106 1515 Wentzelianis
1121 1450 1291 1533 congruant

167 1557 221 1616 aut
243 1553 289 1616 vir
311 1553 418 1618 doctus
441 1554 502 1618 alia
525 1555 575 1618 ria
598 1554 636 1619 ad
659 1554 791 1618 eundem
814 1553 908 1619 finem
939 1554 1120 1636 pervenerit,
1155 1570 1291 1617 summo-

167 1675 237 1736 pere
260 1657 411 1736 gaudeam
435 1660 466 1722 et
489 1662 652 1740 utrumque
675 1657 893 1722 documentum
909 1658 1080 1736 aestimem,
1104 1656 1291 1722 sententiam

168 1778 267 1823 meam
291 1759 372 1823 haud
395 1761 458 1824 reri
481 1761 664 1826 dissimilem
687 1780 763 1826 esse.

557 2030 581 2118 ξ
604 2032 632 2098 1.
679 2052 702 2099 c
725 2031 909 2100 Polluce.

271 2217 360 2298 Quod
382 2219 421 2283 ad
444 2220 603 2285 Pollucem
627 2223 748 2298 attinet,
772 2220 872 2306 §123
895 2221 1007 2287 collato
1028 2220 1124 2286 schol.
1142 2221 1197 2286 Ar.
1213 2223 1290 2304 Eqn.

171 2323 295 2406 1151²J
328 2322 425 2401 docet,
453 2323 520 2406 jam
551 2325 582 2388 in
613 2325 695 2389 10010
726 2324 874 2388 00000110
896 2325 1101 2390 instrumenta
1117 2324 1291 2407 judicialia,

167 2427 228 2492 duo
252 2427 415 2491 minimum
439 2426 540 2512 κημὸς
563 2431 593 2491 01
617 2436 776 2511 αμφορεῖς,
802 2426 964 2509 conjuncta
987 2428 1091 2492 101000.
1128 2426 1215 2493 Idem
1231 2427 1292 2493 ior-

168 2533 249 2595 tusse
272 2531 390 2596 factum
413 2534 480 2594 erat
502 2550 573 2594 cum
595 2531 708 2610 glossis
732 2530 851 2614 011100
875 2532 906 2594 01
929 2529 1073 2612 λογισταί
1098 2530 1179 2596 Poll.
1204 2530 1293 2594 Vlll.

168 2634 219 2710 45,
243 2652 319 2715 0000
342 2633 423 2716 apud
447 2634 722 2716 Harpocrationcm
745 2634 776 2697 10
799 2653 860 2698 una
882 2633 986 2714 glossa
1009 2633 1177 2699 collocatas
1196 2634 1292 2699 fuisse

167 2755 259 2817 supra
276 2736 301 2817 ³)
335 2737 459 2818 conjeci.
505 2737 613 2818 Neque
645 2736 700 2801 has
733 2755 830 2818 neque
862 2735 932 2801 illas
963 2754 1052 2801 rocos
1084 2736 1115 2800 in
1146 2736 1292 2802 thesauro

168 2838 341 2918 glossarum
364 2839 507 2920 quodam,
544 2840 596 2921 qui
619 2840 758 2904 ordinem
781 2839 940 2904 literarum
964 2840 1050 2922 sequi
1071 2840 1181 2918 voluit,
1213 2840 1292 2905 alte-

169 2960 235 3003 ram
268 2941 306 3004 ab
338 2941 435 3004 altera
467 2943 565 3023 excipi
597 2943 692 3025 patet,
725 2943 780 3007 sed
812 2943 864 3025 qui
889 2943 988 3007 ordini
1009 2961 1110 3007 rerum
1133 2962 1165 3009 se
1189 2944 1292 3027 appli-

168 3043 259 3117 cavit,
292 3042 407 3123 optime
438 3043 494 3108 has
522 3044 790 3128 interpretationes
814 3045 906 3110 aliam
931 3063 1000 3110 cum
1024 3045 1087 3110 alia
1109 3047 1291 3110 connectere

167 3146 278 3227 potuit,
294 3147 338 3210 ita
354 3148 388 3210 ut
404 3147 552 3230 ἀμφορεῖς
569 3147 683 3232 κημὸν,
702 3148 847 3231 >spent
863 3148 1002 3234 εὐθύνην
1018 3150 1290 3231 consequerentur.

167 3250 248 3314 Tum
279 3250 391 3314 Pollux
421 3251 545 3332 plenam
576 3252 686 3316 seriem
718 3252 960 3335 magistratuum
982 3252 1013 3316 in
1037 3253 1094 3319 hac
1117 3252 1217 3335 operis
1240 3254 1290 3316 sui

167 3357 253 3433 parte
277 3354 567 3419 000001110010001
592 3356 693 3437 potius
725 3354 913 3420 corradendo
944 3356 1043 3420 totam
1074 3354 1188 3433 omisit,
1223 3357 1290 3420 sive

167 3457 306 3521 consulto
330 3457 393 3521 siro
417 3458 612 3541 neglegentia
636 3459 692 3522 hoc
717 3460 832 3522 lactum
855 3477 921 3523 0000
949 3459 1093 3540 opinaris,
1127 3462 1291 3541 magistra·

166 3564 227 3636 tus,
262 3561 373 3641 quibos
396 3579 518 3624 morum
546 3566 577 3624 et
600 3563 743 3641 publicae
767 3563 873 3625 salutis
897 3580 971 3624 eura
995 3561 1097 3625 delata
1121 3565 1178 3624 ost.
1225 3560 1290 3625 Ne-

166 3679 225 3741 que
256 3664 443 3744 agoranomi,
478 3683 575 3746 neque
607 3665 768 3748 astynomi,
809 3683 905 3746 00000
942 3666 1098 3730 curatores
1131 3665 1287 3747 portuum,

168 3781 262 3845 neque
287 3768 477 3843 metronomi,
502 3786 600 3849 neque
624 3769 777 3833 curatores
800 3786 939 3832 annonae
962 3787 980 3832 a
1003 3767 1131 3832 Polluce
1154 3768 1205 3831 vel
1228 3787 1289 3831 una

274 4074 296 4137 l)
315 4071 506 4210 Sitgungsber.
526 4075 549 4128 d.
569 4074 641 4128 Berl.
661 4077 744 4130 Acad.
767 4077 831 4131 1895
850 4091 874 4143 p.
893 4077 953 4130 482.

269 4157 296 4222 2)
314 4172 339 4224 p.
376 4159 399 4210 7.

268 4244 297 4310 e)
316 4258 341 4310 p.
360 4245 401 4297 ao.
420 4245 460 4297 94.
