2924 4928
666 369 708 433 49

586 459 791 468 *Ψ-

121 575 280 660 scriptoris
302 575 454 639 memoria
477 573 566 639 uobis
588 574 711 639 servata
734 575 790 651 est
815 575 868 656 qui
892 574 1007 639 similia
1022 574 1245 659 conscripserit

120 680 201 744 undo
232 678 417 743 Aristoteles
453 679 504 743 vel
540 678 700 743 minimam
738 678 922 758 particulam
960 679 1097 743 mutuari
1134 681 1247 763 posset.

121 787 222 865 Aegro
254 799 493 862 commovemur,
526 785 561 845 ut
591 780 761 859 credamus,
794 781 959 862 iniquitate
987 782 1159 864 temporum
1183 799 1248 846 me-

120 884 253 949 moriam
275 883 348 947 talis
370 883 452 962 libri,
476 883 503 947 si
524 881 649 965 quidem
671 882 832 960 exstiterit
867 902 990 967 prorsus
1013 882 1173 948 evanuisse
1196 885 1249 947 aut

121 988 221 1069 gloria
242 986 315 1051 libri
330 986 509 1051 Aristotelei
532 987 577 1050 ita
591 985 745 1050 oblivione
769 986 909 1050 obrutam
934 1005 1009 1064 esse,
1032 988 1069 1050 ut
1092 1005 1130 1050 ne
1153 987 1248 1051 uesti-

122 1091 209 1172 gium
233 1088 356 1171 quidem
381 1088 446 1172 ejus
470 1087 509 1154 ad
530 1108 585 1154 nos
608 1089 791 1172 pervenerit.
841 1088 1032 1172 Quicumque
1054 1090 1092 1153 de
1115 1089 1248 1153 Atheni·

122 1193 243 1257 ensium
267 1192 428 1278 republica
447 1194 518 1257 ante
538 1192 738 1256 Aristotelem
760 1194 925 1275 separatim
949 1194 1146 1278 scripserunt,
1169 1193 1249 1256 hanc

121 1314 186 1359 rem
208 1296 414 1379 perstringere
437 1313 533 1376 neque
556 1295 721 1361 volucrunt
742 1313 839 1376 neque
862 1297 1037 1380 potuerunt.

150 1444 153 1448 -
225 1400 343 1465 Auctor
365 1397 465 1462 libelli
487 1418 532 1482 ps.
558 1397 774 1482 Xenophontei
794 1397 977 1484 ’Abuccius
999 1398 1142 1462 πολιτεία
1155 1399 1182 1480 ¹)
1205 1398 1247 1472 id,

122 1503 205 1583 quod
230 1501 289 1565 sibi
312 1501 482 1585 proposuit,
506 1502 573 1583 ipse
596 1503 696 1585 prima
718 1503 908 1586 paragrapho
931 1501 1125 1585 pronuntiat:
1150 1500 1191 1576 ὡς
1214 1502 1249 1564 eb

122 1604 329 1689 διασῴζονται
362 1607 419 1690 τὴν
442 1603 602 1668 πολιτείαν
625 1608 680 1668 καὶ
702 1605 806 1668 τᾶλλα
833 1604 1072 1687 διαπράττονται
1096 1605 1116 1665 ἃ
1139 1603 1248 1666 δοκοῦ-

124 1728 172 1772 σιν
195 1706 385 1791 ἁμαρτάνειν
416 1716 480 1782 τοῖς
512 1706 619 1782 ἄλλοις
641 1706 793 1792 Ἕλλησι,
828 1707 912 1769 τοῦτ’
936 1705 1099 1783 ἀποδείξω.
1156 1704 1250 1769 Cuius

122 1810 274 1895 propositi
296 1812 397 1888 tenax,
421 1828 499 1892 quae
522 1812 670 1892 cuiusque
692 1811 894 1892 magistratus
916 1810 1031 1875 fuerint
1053 1809 1165 1887 officia,
1189 1827 1247 1873 uon

123 1914 338 1994 curatusque,
363 1914 388 1978 si
405 1915 552 1991 curasset,
576 1913 747 1977 describere
763 1913 931 1996 potuisset;
956 1932 1078 1978 summa
1100 1914 1183 1977 enim
1205 1912 1251 1976 ira

124 2036 307 2100 summoque
330 2017 433 2081 studio
456 2015 593 2081 scribens
616 2020 646 2081 et
669 2034 862 2101 summopere
892 2017 1088 2099 optimatium
1111 2015 1250 2099 partibus

123 2121 231 2185 fauens
261 2138 430 2201 numquam
462 2120 499 2185 do
522 2121 675 2186 institutis
698 2120 887 2204 reipublicae
916 2120 1040 2196 liberae,
1073 2118 1195 2183 odiosae
1218 2118 1250 2180 ot

125 2224 331 2306 contemptae,
349 2223 434 2306 juste
452 2223 634 2303 judicasset.

227 2326 315 2390 ldern
337 2326 376 2390 ad
398 2326 530 2391 altorum
554 2326 693 2408 quadrat,
717 2327 804 2391 cuius
827 2327 1007 2410 opusculum
1024 2325 1159 2410 exceptis
1174 2343 1249 2407 pau-

125 2429 259 2494 cissimis
285 2428 469 2512 fragmentis
481 2429 505 2507 2λ
528 2429 629 2494 totum
652 2429 778 2512 periisse
801 2431 932 2494 maximo
948 2430 1098 2505 dolemus,
1122 2427 1250 2492 Critiam

126 2531 348 2596 Atheniensem
360 2532 395 2614 3λ
432 2533 568 2615 Uterque
591 2532 683 2595 nimis
706 2533 773 2596 erat
794 2533 973 2616 implicatus
988 2533 1079 2596 rebus
1093 2531 1250 2595 intestinis

126 2634 365 2698 Atheniensium
381 2636 412 2699 et
427 2635 538 2717 egebat
554 2633 667 2717 judicii
683 2635 824 2698 acumine
842 2633 950 2715 libero,
973 2651 1032 2715 quo
1047 2633 1250 2717 philosophus

126 2739 238 2816 noster,
264 2738 317 2820 qui
338 2737 478 2803 neutrius
501 2738 598 2821 partis
621 2740 710 2815 esset,
735 2737 898 2821 praecipue
920 2737 1079 2821 praeditus
1103 2736 1171 2801 luit.

230 2839 291 2906 Sed
313 2859 351 2905 ne
374 2841 403 2905 ei
426 2840 559 2922 quidem,
584 2841 734 2923 aquibus
757 2842 946 2925 propriores
969 2841 1081 2905 atticae
1097 2837 1250 2923 expositae

126 2946 209 3024 sunt,
232 2962 308 3026 quos
323 2943 626 3029 Atthidographos‘)
650 2945 806 3009 nominare
829 2945 972 3022 solemus,
996 2944 1073 3010 talia
1096 2942 1249 3024 conscrip-

127 3049 204 3112 sisse
226 3047 423 3131 exspectaudi
445 3050 526 3112 sunt.
572 3048 640 3111 Etsi
666 3047 704 3110 de
727 3048 878 3131 prioribus
902 3045 1067 3110 Atthidum
1090 3042 1249 3128 scriptori-

127 3152 185 3216 bus
216 3168 277 3216 non
310 3151 409 3215 multa
441 3153 600 3234 comperta
630 3151 798 3228 habemus,
833 3151 936 3214 tamen
964 3148 1101 3212 eforma
1123 3165 1249 3230 operum

126 3254 330 3339 posteriorum
346 3255 541 3338 scriptorum,
564 3255 722 3338 inprimis
741 3253 928 3329 Philochori‚
951 3251 1028 3316 satis
1051 3252 1132 3315 certe
1156 3269 1249 3315 enuc-

127 3359 210 3423 leare
233 3375 408 3444 possumus,
434 3356 585 3439 quomodo
608 3357 723 3441 priores
750 3355 895 3420 Atthides
918 3354 1104 3438 compositae
1126 3353 1250 3418 fuerint.

127 3463 208 3527 l'um
239 3460 353 3525 diserte
385 3458 422 3523 de
454 3461 610 3524 communi
642 3461 778 3524 omnium
801 3457 967 3523 Atthidum
993 3458 1096 3521 indole
1119 3456 1251 3521 testatur

128 3683 387 3693 w———o—

234 3833 261 3899 l)
287 3835 339 3889 Hic
365 3834 439 3887 liber
465 3833 532 3899 quid
559 3832 614 3886 sibi
639 3833 792 3894 voluisset.
820 3832 978 3887 rectissime
1004 3831 1034 3883 R.
1062 3829 1156 3883 Sohbll
1188 3829 1205 3881 l.
1233 3828 1249 3881 l.

128 3937 154 3990 p.
174 3920 277 3974 14-25
294 3921 465 3988 exposuisse
484 3919 553 3972 mihi
571 3918 692 3971 videtur.

231 4005 259 4068 2)
277 4004 342 4071 Frg.
360 4004 459 4057 histor.
479 4016 572 4069 graec.
592 4003 633 4055 ed.
653 4001 680 4054 C.
699 4001 805 4054 Mttller.
843 4000 874 4052 ll.
907 4016 931 4068 p.
951 4002 992 4053 70.

233 4089 260 4159 3)
278 4089 322 4143 De
348 4090 443 4143 indole
469 4088 554 4142 huius
579 4088 635 4140 viri
653 4087 770 4155 ejusque
786 4086 923 4140 librorum
940 4087 1100 4152 postremus
1118 4085 1251 4140 Wilamo·

128 4175 345 4244 wittegitl.l.
364 4174 383 4228 I.
402 4189 427 4241 p.
449 4176 498 4227 175
517 4187 581 4228 ann.
600 4173 640 4226 78.

232 4263 262 4329 4)
280 4261 345 4329 Frg.
363 4261 462 4316 histor.
481 4274 574 4329 graec.
593 4259 635 4314 ed,
654 4258 682 4311 O.
701 4258 807 4313 Miiller.
838 4257 856 4312 1.
875 4273 901 4325 p.
919 4257 1066 4314 soe-417.

1065 4378 1082 4427 4
