2924 4928
98 107 152 171 Αι.
177 109 231 172 53.
256 108 287 172 2.
324 104 419 169 *rou
445 105 573 172 vurrr.
636 106 709 169 tex.
735 105 810 187 Sep.
866 105 1116 187 tex.Dem.§48
1171 106 1280 178 Sobel.
1304 106 1355 170 Ατ.

324 140 327 295 l
598 193 633 255 V.
657 193 781 256 258.s
815 219 848 246 =
929 211 961 274 p,
987 193 1051 258 148.
1137 192 1232 271 vesp.
1257 194 1393 258 l436=

628 279 715 341 Pbot.
741 280 782 360 ρΙ.
807 280 825 341 l.
1138 277 1392 361 Ρίιυῑςέχῖνοιε

1138 359 1225 440 δίιίἀ.
1242 360 1340 448 ἐχῖνοι
1351 393 1392 424 =

1138 447 1392 517 Etruoousu

1154 561 1192 590 =
1214 539 1276 600 lex.
1302 537 1375 619 Sep.

1170 622 1217 685 lV.
1241 624 1306 688 189.
1323 626 1356 688 5.

59 723 252 810 ἐμβαλόντες
264 725 319 800 τὰς
596 722 699 808 ἐχῖνος
718 745 725 759 ·
743 640 976 807 aeolo-loprae
989 727 1118 812 ἀγγεῖον
1137 722 1260 808 ἐχῖνος·
1295 729 1393 812 ἄγγος

60 827 231 913 μαρτυρίας
265 782 325 890 καὶλ
595 849 649 904 κος
659 828 800 912 χαλκοῦς
809 829 851 902 εἰς
861 848 891 891 τι
906 829 1060 914 χαλκοῦν,
1084 830 1117 895 ἐν
1136 847 1165 890 τι
1195 828 1338 913 χαλκοῦν
1369 831 1390 915 ἡ

61 933 118 1007 τὰς
127 929 319 1016 προκλήσεις
329 929 433 1015 ἐχῖνος
452 930 486 994 δὲ
502 933 537 994 οὔ
553 930 585 993 αἱ
596 934 630 996 ὃν
652 933 686 994 αί
716 953 751 995 τε
774 935 886 1018 μορ-ᾧ
922 932 1116 997 ἀπετίθεσαν
1136 931 1392 1018 καὶέκκεροίμου,

60 1038 116 1098 καὶ
127 1037 199 1110 τοὺς
208 1033 318 1118 νόμους
331 1033 492 1119 μαρτυρίαι
530 1032 694 1169 ἐμ-Ιτυρίαι
727 1037 782 1098 καί
819 1035 917 1112 αίτὰς
951 1035 1117 1120 μαρτυρίας
1135 1032 1178 1109 εἰς
1218 1036 1238 1099 δ,
1274 1035 1391 1100 καθιᾶ·

60 1139 104 1214 είς
127 1136 268 1222 ἐχίνους.
284 1184 292 1200 .
308 1186 315 1201 .
329 1137 501 1224 βληθεῖσαι
526 1160 583 1201 κοι-
594 1136 785 1223 προκλήσεις
797 1139 849 1222 tp·
861 1141 916 1202 καὶ
953 1141 1008 1214 τὰς
1041 1161 1115 1224 προ·
1136 1157 1183 1200 σιν
1194 1137 1223 1200 ot
1235 1137 1392 1224 διαιτηταὶ

59 1241 700 1328 καίτοὺτουςκα-τεσημοιίνοντο“)·γραςοα
723 1239 849 1327 ἐνεβαλ-
861 1240 991 1326 κλήσεις
1016 1242 1044 1306 οἱ
1071 1243 1115 1307 δι·
1135 1242 1175 1303 τὰ
1190 1251 1392 1325 γραμματεῖα

59 1342 318 1430 τασημηνοίμενοι
595 1344 684 1407 λοντο
707 1345 767 1408 ὑπὸ
789 1353 850 1409 τῶν
860 1344 1041 1430 κοιζόμενοι.
1134 1349 1197 1407 τῶν
1220 1351 1392 1427 μαρτυριῶν

59 1450 116 1510 καὶ
139 1448 197 1531 τήν
219 1445 318 1529 κρίσιν
615 1446 824 1532 δικαζομένων
1079 1490 1081 1495 >
1135 1447 1236 1522 ἅτινες
1258 1444 1390 1531 ἐμαρτύ-

57 1552 120 1634 τὴν
131 1558 186 1613 τοῦ
198 1548 318 1634 διαιτη-
595 1549 849 1636 καὶκατεσημαί-
1135 1569 1236 1634 ρησαν
1255 1551 1310 1612 καί
1333 1572 1390 1612 κα-

58 1652 318 1736 τοῠ..ποιραδιδὸ-
595 1673 663 1716 νετο
688 1652 711 1728 Ιδ
748 1653 850 1738 ἐχῖνος
986 1672 988 1677 ⁴
1152 1651 1377 1738 τασημηνοίμε-

56 1777 113 1819 οισι
134 1754 229 1821 πάλιν
254 1696 325 1832 τοῖς.
593 1756 644 1819 ίνα
667 1756 775 1842 μηδεὶς
791 1778 849 1819 κα-
1136 1775 1193 1837 νοι,
1223 1756 1249 1818 εί
1272 1755 1392 1842 ἐγκλη-

57 1905 109 1923 ...
123 1857 316 1938 δικάζουσιν.
595 1858 757 1944 κουργήσμ
771 1862 850 1944 μετα
1136 1857 1211 1943 θείη
1234 1858 1255 1942 ἡ
1273 1857 1389 1943 δίαιτα,

528 1977 531 1982 ’
595 1961 849 2049 τὸδίπαξέμβάλ-
1136 1969 1200 2036 τοῖς
1227 1960 1391 2040 δικασταῖς

595 2065 722 2130 λεσθαι.
1135 2062 1306 2128 ἐπεδίδουν.

268 2269 433 2334 Neminem
465 2287 501 2334 ex
531 2268 579 2332 his
604 2266 803 2350 scriptoribus
826 2269 927 2351 ipsum
951 2268 1151 2334 Aristotelem
1174 2268 1286 2334 adiisse

163 2374 405 2445 consentaneum
429 2374 485 2438 est.
531 2371 617 2436 Unus
640 2371 751 2436 Pollux
773 2371 831 2436 hoc
853 2372 930 2437 alias
956 2370 1039 2450 tecit,
1067 2370 1122 2436 sed
1144 2371 1194 2437 hic
1215 2374 1287 2443 Ari·

164 2474 287 2540 stotelis
309 2474 404 2539 rerba
421 2474 487 2557 Jam
510 2474 541 2539 in
565 2474 696 2538 formam
719 2473 839 2557 glossae
862 2474 986 2540 redacta
1008 2474 1186 2540 adhibuisse
1201 2475 1286 2539 ride-

162 2579 224 2642 tur.
269 2577 382 2642 Omnes
415 2577 584 2642 adunum
607 2576 730 2642 iontem
761 2579 930 2657 recurrunt,
969 2576 1021 2660 qui
1041 2596 1089 2642 ¹er
1120 2577 1286 2643 Aristotele

164 2680 322 2762 propriam
345 2681 481 2764 glossam
506 2680 686 2760 composuit,
711 2679 834 2743 aliunde
857 2680 913 2744 hoc
934 2680 1057 2745 tantum
1077 2681 1210 2764 cognito,
1233 2700 1287 2745 vas

163 2781 243 2846 illud
267 2801 303 2845 ex
325 2801 394 2847 aere
416 2783 532 2848 factum
557 2800 631 2846 esse.
677 2780 850 2847 Scholiasta
871 2782 952 2863 quod
974 2781 1062 2848 addit
1083 2781 1204 2867 ἐχίνους
1227 2801 1285 2846 μου

160 2884 264 2948 solnm
296 2891 406 2950 aeneos
438 2885 490 2948 sed
524 2885 617 2948 etiarn
648 2883 761 2948 fictiles
784 2884 879 2949 fuisse
904 2901 1008 2948 eorum
1032 2885 1143 2966 gratia,
1176 2885 1286 2966 quibus
1324 2912 1327 2919 ¹

162 2987 265 3052 locum
289 2986 549 3070 Aristophaneum
573 2986 843 3069 interpretabatur,
882 2987 996 3070 fingere
1019 2986 1161 3051 debebat.
1206 2987 1286 3051 Nam

161 3107 216 3155 vas
239 3097 369 3155 aeneum
392 3089 503 3154 mulier
525 3090 676 3174 Sybaritis
699 3091 838 3174 frangere
862 3109 920 3153 non
944 3090 1055 3167 potuit.
1109 3089 1211 3173 Magis
1233 3109 1286 3154 ra-

160 3192 229 3257 lent
250 3194 344 3258 rerba
366 3193 457 3258 lexioi
479 3192 548 3276 Sag.
572 3193 620 3270 V„
645 3194 756 3276 quibus
788 3192 965 3275 explicatur,
997 3211 1051 3257 our
1074 3192 1177 3277 ἐχῖνος
1200 3193 1282 3257 obsi·

158 3294 275 3376 gnatus
299 3294 350 3360 sit.
395 3294 498 3359 Variis
521 3295 630 3373 modis,
660 3314 697 3360 ne
721 3295 794 3377 quid
818 3295 934 3360 fraudis
957 3295 988 3359 in
1008 3294 1175 3379 judicando
1199 3314 1282 3366 com·

161 3396 348 3477 mitteretur,
380 3399 505 3463 cautum
537 3417 602 3463 esse
626 3398 809 3463 Aristoteles
840 3398 905 3480 ipse
938 3399 1059 3481 saepius
1090 3400 1222 3464 testatur
1244 3400 1282 3465 cl.

161 3518 191 3582 p.
214 3498 350 3566 XXXll.
384 3500 424 3562 14
455 3499 650 3587 [ἐμπήκτης]
681 3500 853 3586 κληροῠται
879 3548 885 3563 .
915 3549 922 3563 .
949 3548 957 3563 .
982 3502 1031 3564 ίνα
1068 3502 1111 3586 μὴ
1143 3501 1159 3564 δ
1191 3503 1284 3578 αὐτὸς

267 3826 294 3894 1)
313 3827 424 3882 Similia
443 3842 459 3882 a
477 3828 593 3884 Polluce
610 3829 785 3896 repetuntur,
803 3828 851 3882 ubi
870 3827 904 3882 de
923 3827 1054 3882 diaetetis
1072 3828 1131 3895 agit
1150 3827 1166 3896 ξ
1186 3827 1241 3881 127.

1079 3929 1112 3984 6*
