2924 4928
662 346 704 410 95

124 552 302 636 conjunctas
334 551 453 616 invenit
484 569 596 633 easque
628 551 708 616 tales
744 551 829 633 operi
859 569 915 616 suo
945 551 1086 616 inseruit.
1139 551 1247 633 Neque

123 655 246 720 Polluci
267 654 358 733 vni.-
371 654 412 718 45
434 653 497 719 alia
518 653 673 736 praesidia
695 655 818 737 praesto
842 653 936 719 fnisse
958 652 1102 718 videntur
1125 653 1247 735 praeter

119 757 301 823 ¹Aristotelis
316 756 459 822 libellum
477 757 498 841 ¹)
522 757 553 822 et
575 758 633 822 hoc
654 757 773 822 lexicon
796 756 993 821 rhetoricum.
1038 755 1083 820 At
1104 756 1154 821 hic
1175 775 1246 822 uere
1317 749 1320 754 ’

123 860 189 940 ipse
211 858 382 943 glossarum
414 858 587 935 thesaurus,
619 859 691 941 quia
714 858 862 924 annuitis
885 857 1139 940 epitomatou'bns
1163 859 1247 922 varie

124 967 155 1026 ct
176 961 208 1026 id
229 950 375 1044 persaepe
399 961 611 1027 crudelissime
634 961 774 1027 divulsus
802 980 837 1026 ac
869 962 1046 1026 decurtatus
1077 961 1134 1039 est,
1166 981 1248 1025 nuuc

123 1065 278 1130 rarissime
301 1063 378 1130 satis
400 1065 560 1147 perspicue
583 1065 768 1148 agnoscitur.
814 1053 1019 1144 Quamobrem
1035 1065 1123 1146 grato
1145 1065 1247 1128 animo

124 1167 261 1249 accipere
293 1166 450 1245 debemus,
489 1166 517 1233 si
548 1167 636 1232 nobis
668 1166 807 1249 contigit,
845 1167 881 1231 ut
912 1185 1003 1231 unam
1036 1166 1085 1230 vel
1118 1166 1247 1231 alteram

124 1271 259 1352 glossam
283 1269 323 1334 ad
345 1271 448 1335 ortum
470 1269 613 1352 persequi
635 1269 800 1352 possimus.
838 1269 1024 1334 Persuasum
1041 1269 1124 1333 enim
1139 1268 1246 1346 habeo,

123 1372 279 1455 permulta
299 1373 331 1437 in
354 1373 460 1438 lexicis
483 1372 595 1437 nostris
618 1372 778 1437 rhetoricis
800 1373 896 1437 latere
918 1371 1085 1450 recondita,
1108 1391 1186 1455 quae
1210 1372 1247 1435 ab

124 1477 232 1539 oedem
264 1474 347 1540 fonte
378 1475 527 1558 originem
560 1493 649 1539 snam
680 1474 804 1539 ducant.
858 1474 917 1540 Sed
955 1493 1025 1540 cum
1057 1476 1132 1540 satis
1165 1477 1248 1539 certo

124 1579 308 1644 documenta
339 1578 449 1657 desint,
483 1577 542 1642 hoc
573 1578 695 1643 credere
727 1597 863 1661 possum,
896 1597 950 1659 pro
982 1578 1065 1643 certo
1095 1577 1248 1642 affirmare

126 1700 184 1746 nou
209 1681 313 1746 debeo.
357 1680 501 1745 Vidimus
523 1682 554 1746 in
579 1682 634 1746 illo
656 1682 753 1746 lexico
775 1681 926 1746 rhetorico
950 1682 1067 1747 similes
1089 1700 1138 1746 res
1154 1682 1247 1746 simul

123 1783 271 1849 tractatas
293 1784 397 1849 fuisse.
442 1784 506 1850 Sub
535 1785 628 1849 titulo
660 1775 813 1868 ἡγεμονία
844 1782 1046 1869 δικαστηρίου
1078 1785 1246 1868 conjunxit,

125 1886 331 1969 quidcumque
363 1887 400 1952 de
432 1888 564 1967 siugulis
597 1888 788 1970 singulorum
821 1887 1060 1971 magistratuum
1086 1888 1187 1955 causis
1209 1887 1247 1951 ab

124 1990 293 2055 Aristotele
315 1990 474 2055 mutuatus
497 1990 571 2068 orat,
596 1990 692 2054 altero
715 1990 783 2054 loco
806 1991 962 2055 enarravit
982 1991 1018 2055 de
1035 1990 1247 2056 instrumentis

121 2093 323 2177 judicialibus
347 2091 462 2179 (κημὸς
485 2094 516 2157 et
538 2093 710 2177 ἀμφορεῖς),
744 2095 813 2158 tum
844 2093 882 2158 de
908 2094 1001 2159 variis
1024 2095 1107 2160 vocis
1130 2115 1247 2176 πρυτα-

125 2195 191 2260 νεία
214 2196 491 2281 significationibus
515 2196 670 2261 disseruit.

227 2299 337 2365 Eidem
359 2299 437 2364 fonti
460 2300 557 2383 igitur
587 2320 709 2365 summa
731 2319 801 2364 curn
825 2301 1043 2382 probabilitate
1066 2301 1247 2375 tribuemus,

126 2403 152 2466 si
176 2400 486 2468 animadverterimus
508 2404 592 2469 locos
623 2403 884 2485 lexicographicos
916 2402 1031 2467 multas
1059 2422 1107 2467 res
1131 2403 1247 2467 similes

125 2504 298 2584 complexos
321 2523 397 2569 esse.
444 2504 530 2584 Quod
555 2504 670 2570 lactum
694 2506 741 2569 est
764 2524 833 2568 cum
861 2504 987 2587 judiciis
1011 2504 1248 2569 Atheniensium

124 2626 142 2668 a
175 2605 302 2671 Polluce
333 2607 419 2671 Vlll.
455 2606 633 2685 117-120,
672 2607 710 2672 ab
748 2608 870 2671 auctore
906 2607 963 2670 lex.
1003 2605 1070 2688 Sag.
1102 2607 1140 2670 V.
1174 2605 1247 2668 310,

123 2706 282 2775 ‘rs-311.
305 2707 356 2786 22,
392 2710 525 2794 Hespclr.
551 2729 573 2774 s.
598 2730 627 2775 u.
661 2708 848 2795 δικαστήρια
880 2709 1051 2791 descriptis.
1105 2708 1162 2774 Cui
1194 2708 1248 2772 de-

124 2811 284 2892 scriptioni
307 2813 408 2877 simile
430 2812 561 2878 Aristot.
584 2812 636 2877 57.
659 2812 744 2876 3-4
776 2813 870 2895 capili
901 2813 937 2877 de
960 2813 1069 2878 officiis
1092 2813 1248 2877 archontis

123 2914 206 2996 regis
236 2914 377 2992 intexuit,
409 2916 550 2980 uberiora
581 2916 671 2981 Dem.
704 2917 735 2980 in
769 2916 979 2981 Aristocratea
1002 2915 1054 2980 23.
1076 2915 1205 2980 (sa-ta
1222 2915 1247 2994 ²)

125 3017 273 3098 exposuit,
306 3018 418 3099 quibus
450 3018 650 3101 paragraphis
683 3018 920 3103 interpretandis
948 3020 1055 3084 auctor
1076 3020 1135 3084 lex.
1163 3020 1247 3084 Deru.

124 3119 226 3184 Palm.
251 3140 280 3202 p.
306 3121 475 3184 las-lae
498 3141 621 3206 operam
644 3123 737 3187 dedit.
784 3122 854 3188 Non
877 3123 987 3187 inutile
1016 3124 1063 3187 est
1085 3124 1248 3205 inquirere,

125 3223 212 3286 cuius
237 3223 414 3302 auctoritas,
448 3225 616 3289 oratorisne
640 3245 677 3289 eu
705 3225 888 3307 philosophi,
913 3225 995 3306 apud
1018 3227 1155 3307 posteros
1178 3244 1249 3307 pro-

125 3324 276 3406 penderit.
319 3325 391 3391 Jarn
416 3326 489 3392 ordo
512 3328 714 3393 tribunalium
739 3327 931 3410 AreopaguS,
961 3327 1147 3408 Palladium,
1172 3327 1248 3390 Dol-

125 3426 275 3507 phinium,
301 3427 515 3511 Prytanciurn,
540 3429 696 3507 Phreatto,
721 3431 773 3512 qui
795 3430 879 3495 idem
903 3431 950 3494 est
973 3428 1054 3511 apud
1076 3429 1247 3506 Pollucem,

125 3532 156 3593 in
171 3530 229 3593 lex.
246 3531 316 3614 Sag.
334 3531 457 3616 (ἡλιαία
473 3534 504 3596 et
520 3533 552 3595 ἐν
568 3532 631 3617 Ζὲα
654 3532 808 3615 exclusis),
834 3532 915 3615 apud
932 3532 1065 3616 Hesych.
1078 3532 1102 3614 ³)
1126 3532 1249 3617 (senatu

126 3634 364 3716 quingentorum
396 3637 501 3719 eJecto,
535 3637 588 3718 qui
618 3637 678 3700 huc
705 3638 783 3700 hauc
807 3636 845 3701 ob
869 3655 932 3701 rem
956 3637 1090 3718 irrepsit,
1122 3637 1194 3718 qnia
1217 3637 1247 3700 in

229 3927 256 3994 1)
275 3942 361 3994 supra
378 3943 403 3995 p.
422 3929 463 3983 57.

230 4015 256 4081 2)
275 4014 335 4069 Hoc
352 4031 444 4084 neque
463 4016 654 4084 Stojentinum
673 4018 688 4070 l.
704 4018 720 4070 l.
734 4032 759 4084 p.
773 4019 805 4070 dl
824 4032 916 4085 neque
934 4018 1101 4082 Kaibelium‚
1120 4017 1172 4071 Stil
1190 4019 1246 4071 und

126 4100 202 4154 Text
219 4116 245 4168 p.
264 4101 314 4156 239
331 4102 411 4170 fugit.

229 4188 256 4252 3)
275 4187 409 4254 Hesychii
426 4190 531 4256 glossa,
550 4204 622 4256 quae
640 4191 796 4243 miserrime
810 4192 956 4244 contracta
969 4192 1020 4253 est,
1035 4190 1145 4258 judicia
1158 4205 1248 4258 usque

127 4271 163 4324 ed
180 4273 359 4339 prytaneiurn
380 4274 491 4328 tantum
509 4276 678 4342 percensuit,
696 4276 825 4330 ultimum
845 4278 959 4331 omnino
979 4278 1081 4331 omisit.
