2924 4928
762 327 824 390 138

229 531 269 592 tis
293 548 367 592 usus
390 534 450 594 est.
497 529 557 606 Qui
581 531 658 594 liber
682 530 817 612 Didymo
844 530 883 594 ad
910 528 1052 606 λέξεις
1074 529 1290 614 τραγικήν
1322 536 1353 594 et

230 632 427 716 κωμικὴν
450 634 697 698 conscribendas
727 636 799 698 lons
833 636 967 698 maxime
991 637 1139 715 eprepius
1170 637 1289 699 exstitit
1321 640 1354 698 et

160 774 163 779 >
229 737 268 800 ab
293 737 354 800 troc
377 755 395 800 e
419 738 512 819 copia
529 738 703 801 orationum
730 738 1029 819 comoediarumque
1053 739 1219 801 etiamtunc
1242 756 1352 820 super·

229 841 336 903 stitum
369 845 479 903 auctus
512 842 783 923 locupletatusque
817 846 876 906 est.
941 840 1065 923 Didymi
1101 860 1182 923 opus
1214 860 1230 905 a
1264 842 1352 905 Pam·

230 944 317 1025 plrilo
349 949 512 1026 receptum
545 949 577 1008 et
600 944 847 1026 Harpocrationi,
882 945 1010 1018 Polluci,
1045 946 1155 1009 lexicis
1187 946 1352 1009 rhetoricis

229 1047 367 1110 oblatum
390 1051 450 1113 est.
498 1048 539 1110 llll
564 1047 678 1129 (Harp.
705 1048 804 1130 ΡοΙΙ.)
829 1050 899 1131 quia
922 1050 951 1111 in
974 1048 1061 1111 tonte
1083 1050 1210 1130 saepius
1234 1048 1352 1112 Aristo·

227 1150 322 1212 telem
361 1151 484 1213 nomine
523 1149 677 1213 laudatum
716 1152 916 1228 inuenerunt,
961 1152 1161 1215 occasionem
1200 1153 1350 1232 insipnem

229 1254 323 1316 multa
348 1254 488 1334 pleniora
512 1272 529 1317 e
552 1253 639 1317 tonte
663 1255 810 1335 primario
843 1253 1001 1317 hauriendi
1026 1257 1274 1336 praetermittere
1298 1274 1352 1318 no-

228 1357 367 1434 luerunt;
392 1358 495 1439 itaque
517 1375 573 1420 sua
598 1359 729 1439 quisque
752 1359 871 1421 ratione
893 1358 970 1420 lonti
993 1357 1064 1420 inde
1086 1358 1264 1440 supplendo
1288 1363 1352 1421 stu·

228 1457 373 1523 dusrunt.
422 1460 507 1523 llaec
531 1460 611 1541 (lex.
637 1461 714 1541 Sep.
737 1460 829 1527 Plrot.
848 1460 956 1542 snio.)
981 1462 1070 1525 nobis
1086 1463 1169 1525 uarie
1192 1461 1351 1544 discerpta

230 1564 262 1622 et
284 1561 421 1624 mutilata
454 1566 485 1625 et
517 1566 678 1626 contracta
710 1563 841 1626 frustula
866 1563 1065 1645 Pamphileae
1097 1582 1194 1627 cenae
1222 1565 1352 1645 opulen-

228 1665 368 1727 tissimae
385 1665 545 1746 praebent.
590 1666 761 1741 Vestinum,
779 1666 975 1748 Pamphilum
992 1671 1226 1747 excerpentem,
1244 1668 1351 1731 Psello

230 1772 356 1850 praesto
375 1767 473 1832 luisse
496 1771 643 1833 conicere
667 1769 778 1833 audeo.

330 1888 400 1952 Fini
423 1889 563 1970 opusculi
585 1890 646 1953 mei
669 1890 811 1966 stemma,
833 1887 914 1970 quod
939 1887 1059 1965 dicitur,
1083 1888 1271 1954 delineatum
1295 1890 1350 1955 ad-

228 1988 309 2067 dam,
341 1993 385 2066 ut,
417 2011 471 2073 per
502 2010 577 2073 quos
609 1992 724 2056 rivulos
755 1990 955 2055 Aristotelem
986 1990 1017 2054 in
1048 1991 1263 2072 posteriorum,
1297 1993 1351 2074 qui

227 2093 361 2157 aetatem
392 2095 542 2170 tulerunt,
580 2095 676 2158 libros
714 2093 887 2159 derivatum
919 2112 985 2158 esse
1016 2093 1094 2157 mihi
1124 2095 1249 2178 fingam,
1290 2115 1350 2160 uno

227 2197 353 2277 aspectu
377 2199 447 2262 ante
470 2199 574 2263 oculos
597 2198 722 2263 habeas.
757 2239 761 2244 -

670 2471 768 2537 Leges.

634 2625 811 2680 Aristoteles.

718 2761 728 2882 l

694 2898 841 2967 Didymus.

712 2965 721 3052 l

678 3050 849 3116 Pamphilus.

1329 3447 1372 3502 Po
1440 3489 1446 3504 .

81 3537 295 3604 Harpocration.
331 3537 476 3591 Vestinus.
736 3528 842 3585 hexica
859 3530 1010 3586 rhetorice.
1102 3534 1305 3601 Diogenienus.
1373 3448 1437 3504 nux

347 3819 427 3874 lilioli.
446 3769 660 4105 ΡεθΙΙιιεΧ

1141 3688 1308 3756 Hesychius.

611 4147 720 4204 Suidas.
