2924 4928
632 343 836 449 „ll-g„

275 555 359 635 Quae
383 555 554 636 sequuntur
572 555 590 638 ᾖ
604 554 657 631 93,
681 573 717 618 ex
732 553 899 618 Aristotele
914 551 1037 617 fluxisse
1052 551 1261 616 Wilamowitc
1272 553 1296 634 ¹)

167 657 337 735 contendit,
370 676 440 722 cum
463 658 480 740 ξ
505 657 576 734 101,
609 656 662 720 ubi
694 657 777 720 idem
798 655 1005 738 magistratus
1026 654 1139 718 iterum
1162 671 1296 718 comme-

167 761 316 837 moratur,
340 760 529 825 Aristotelea
552 759 680 825 reddere
703 762 795 843 neget
812 759 878 842 J'am
903 776 972 823 eam
994 757 1033 823 ob
1055 775 1190 836 causam,
1224 758 1297 840 quia

166 865 228 929 leci
251 863 392 929 Pollucei
425 863 562 928 eiusdem
594 862 770 946 argumenti
802 862 841 927 ad
871 861 972 927 varios
1003 861 1103 925 fontes
1128 861 1295 925 recurrant.

167 968 329 1032 Erravisse
360 967 459 1031 virum
492 965 618 1031 doctum
649 967 680 1029 et
710 964 742 1028 in
775 965 833 1029 hac
862 983 894 1028 re
929 964 961 1028 et
982 963 1014 1027 in
1036 963 1092 1026 illa
1115 981 1295 1045 persuasum

168 1070 276 1136 habeo.
330 1069 418 1149 Quod
450 1069 489 1134 ad
520 1069 623 1133 locum
655 1069 789 1149 priorem
821 1067 904 1150 §93
937 1067 1058 1143 attinet,
1090 1084 1163 1130 sane
1184 1064 1297 1130 Pollux

169 1172 374 1239 Aristotelem
397 1177 480 1255 (cap.
503 1171 555 1237 52.
579 1170 612 1247 2)
645 1173 767 1236 secutus
791 1189 857 1234 esse
881 1172 912 1234 et
933 1171 1006 1234 inde
1029 1169 1226 1251 exscripsisse
1249 1169 1295 1232 vi-

168 1275 267 1354 detur,
293 1277 472 1360 είςαγυγεῖς
495 1277 577 1341 sorte
601 1282 720 1340 creatos
746 1293 822 1339 esse.
861 1273 922 1339 Sed
945 1293 990 1350 ea,
1013 1291 1091 1353 quae
1116 1272 1293 1352 sequuntur,

171 1399 208 1443 ex
232 1380 401 1445 Aristotele
424 1379 456 1444 h.
479 1399 505 1445 e.
530 1398 598 1461 cap.
623 1379 674 1458 53,
699 1377 728 1454 2,
757 1378 875 1443 scilieet
896 1377 1082 1459 magistratu
1104 1372 1298 1458 είςαγωγέυν

168 1501 241 1547 cum
265 1480 546 1565 quadragintaviris
560 1482 686 1547 confuso
698 1481 725 1560 ²)
749 1482 788 1559 et,
812 1500 891 1562 quae
913 1480 954 1545 ad
974 1479 1084 1544 horum
1108 1477 1209 1543 officia
1230 1496 1295 1558 per-

168 1586 321 1663 tinebant,
345 1586 409 1650 illis
433 1585 567 1660 tributis,
591 1585 714 1649 fluxisse
731 1584 808 1649 mihi
823 1586 884 1649 veri
902 1581 1052 1648 dissimile
1075 1600 1141 1646 esse
1163 1579 1295 1656 videtur,

169 1691 243 1772 quia
265 1689 347 1754 idem
372 1691 465 1771 caput
486 1688 709 1754 Aristotelenm
743 1689 849 1770 postea
872 1688 890 1770 ξ
916 1686 976 1750 100
997 1687 1080 1750 recte
1102 1683 1295 1748 intellectum

168 1795 200 1856 et
223 1793 411 1876 exscriptum
433 1794 492 1859 est.
539 1792 667 1857 Credere
690 1810 751 1856 non
773 1810 909 1874 possum,
933 1789 1041 1854 eadem
1064 1787 1159 1852 uerba
1181 1806 1199 1851 a
1221 1785 1296 1850 Pol-

167 1895 238 1959 luce
270 1898 338 1961 tum
369 1896 410 1960 ad
441 1895 630 1980 εἰςαγυγὲας
661 1898 730 1959 tum
762 1895 801 1960 ud
833 1893 1068 1976 τετταράκοντα
1099 1891 1198 1955 relata
1213 1898 1295 1954 esse.

169 1997 270 2077 Quam
294 1998 332 2063 ob
354 2018 420 2064 rem
443 1999 520 2063 mihi
539 2018 575 2063 ee
591 1998 754 2079 explicatio
770 1998 881 2080 placet,
907 2016 999 2078 quam
1015 1994 1176 2077 Lipsius³l
1200 1993 1296 2058 dedit.

168 2102 282 2166 Pollux
304 2102 493 2184 peculiarem
516 2102 735 2184 magistratum
757 2101 897 2167 confudit
921 2118 990 2163 curn
1014 2119 1049 2164 eo
1072 2098 1183 2175 officio,
1215 2095 1295 2178 quod

170 2206 319 2287 cuiusque
343 2205 544 2288 magistratus
568 2207 644 2284 erat,
676 2205 707 2269 in
731 2205 790 2270 lex.
813 2204 882 2287 Seg.
906 2205 945 2269 V.
967 2202 1041 2267 246.
1067 2203 1107 2265 14
1132 2201 1176 2264 sic
1199 2198 1296 2280 expli-

169 2311 260 2374 cato:
305 2309 484 2392 είςαγωγεῖς
523 2310 607 2393 ἦσαν
648 2306 787 2371 ἑκάστου
828 2305 1030 2392 δικαστηρίου
1067 2303 1095 2367 οἱ
1133 2305 1295 2387 ἄρχοντες,

169 2412 200 2475 οἳ
231 2411 353 2496 εἰςῆγον
385 2411 491 2486 αὐτοῖς
522 2413 578 2485 τὰς
606 2409 705 2486 δίκας.
746 2409 868 2474 Polluci
891 2409 1011 2492 praeter
1033 2404 1234 2470 Aristotelem
1264 2403 1296 2465 in

169 2514 278 2596 primis
310 2514 444 2579 similem
477 2516 594 2579 fontem
624 2533 660 2579 ac
690 2515 748 2579 lex.
774 2514 842 2595 Seg.
869 2513 905 2576 V.
928 2512 1052 2592 praesto
1081 2509 1185 2585 luisse,
1216 2506 1296 2569 infra

170 2617 314 2683 elucebit.
352 2619 431 2682 Tum
454 2618 552 2683 altero
574 2619 641 2683 loeo
666 2618 771 2701 §IOL
797 2617 855 2681 etsi
877 2615 1078 2680 brevissimus
1102 2612 1158 2688 est,
1183 2609 1295 2673 nrirurn

170 2722 322 2804 quantum
344 2739 415 2785 curn
438 2721 606 2788 Aristotele
629 2722 792 2799 consentit,
817 2719 921 2785 ordine
944 2718 1082 2781 servato:

169 2894 302 2960 Aristoi.
326 2894 710 2978 53.2...είςαγωγὲας..
759 2896 838 2960 ΡοΙΙ.
862 2895 937 2959 Vlll.
964 2894 1022 2957 101.
1057 2890 1237 2974 εἰςαγωγεῖς
1269 2889 1298 2954 cl

169 2996 201 3059 οἳ
224 2997 281 3072 τὰς
304 2995 462 3082 ἐμμήνους
485 2998 640 3082 είςοίγουοι
672 2997 714 3060 δί-
759 2998 814 3073 τὰς
829 2996 986 3082 ἐμμήνους
1001 2994 1090 3070 δίκας
1111 2994 1294 3079 είςοίγοντες·

170 3121 254 3177 κας.
271 3147 303 3162 ..
329 3100 389 3164 etot
421 3100 447 3163 δ’
472 3102 605 3186 ἔμμηνα
630 3122 715 3184 crpor-
760 3101 843 3184 ἦσαν
859 3099 892 3162 δὲ
908 3097 1047 3183 προικός,
1065 3095 1217 3180 ἐρανικαί,
1243 3097 1297 3182 ἐμ-

170 3205 321 3278 κδς....
348 3200 501 3286 ἐρανικαί.
531 3252 538 3267 .
568 3253 575 3267 .
604 3253 610 3267 .
761 3201 898 3287 πυρικαί.

275 3376 409 3441 Causam
425 3375 599 3463 ἐμπορικήν
619 3376 772 3459 prioribus
790 3375 928 3441 additam
944 3374 1015 3457 quio
1033 3373 1133 3437 eidem
1147 3373 1225 3438 fonti
1243 3372 1297 3436 de·

170 3481 254 3560 beat,
279 3479 359 3545 unde
381 3479 476 3544 verba
491 3486 509 3557 ᾗ
523 3480 566 3544 93
589 3481 674 3543 οὗτοι
696 3479 729 3542 δὲ
753 3482 809 3554 τὰς
831 3478 920 3554 δίκας
942 3476 1108 3561 εἰςήγαγον
1130 3478 1204 3558 πρὸς
1227 3476 1299 3549 τοὺς

171 3582 335 3668 διαιτητάς
366 3582 511 3665 sumpsit,
548 3582 624 3647 mihi
657 3601 715 3646 nou
748 3582 876 3647 dubium
907 3581 964 3658 est,
997 3577 1197 3644 consideratis
1219 3577 1297 3641 locis

276 3933 303 3996 l)
321 3927 339 3981 l.
358 3928 375 3981 l.
400 3926 419 3980 l.
438 3941 463 3994 p.
483 3927 540 3981 297.
559 3941 622 3980 anu.
642 3928 682 3980 13.

275 4013 302 4080 2)
321 4013 383 4077 Qua
402 4013 437 4067 de
454 4027 486 4066 re
503 4013 612 4077 Kaibel,
639 4013 693 4067 Stil
716 4012 773 4066 und
792 4011 866 4065 Text
884 4026 910 4078 p.
929 4010 979 4064 225
997 4025 1060 4064 arm.
1081 4010 1103 4073 1,
1131 4023 1195 4062 cum
1212 4008 1300 4062 Wila·

171 4100 318 4154 mowituio
337 4100 488 4165 consentit,
507 4100 563 4153 nisi
581 4100 656 4166 quod
673 4099 797 4152 librariis
815 4102 963 4166 peceatum
981 4098 1101 4164 delegat.
1138 4096 1194 4150 Sed
1211 4096 1300 4149 libros

171 4185 299 4241 Pollucis
317 4187 527 4253 manuscriptos
546 4200 644 4240 omnes
662 4187 811 4253 tantopere
824 4184 1007 4239 conturbatos
1026 4198 1089 4238 esse
1107 4183 1159 4236 vix
1178 4182 1299 4237 credam.

278 4269 307 4340 3)
326 4271 715 4339 Meier··Schdmaun·Lipsins,
734 4272 791 4325 Att.
809 4271 890 4324 Proc.
909 4283 935 4338 p.
954 4271 995 4324 94.
