2924 4928
706 393 770 458 117

169 602 325 669 ναυτικοῖς
347 593 557 678 acceptentur
577 593 681 679 νομίσ-
776 617 846 671 τος
876 595 928 658 ἐπὶ
950 605 1108 671 ναυτικοῖς
1139 596 1292 682 κεκερδη-

170 717 258 780 μοισι,
291 698 346 759 καὶ
368 695 396 759 οἱ
420 697 475 780 μὲν
498 695 681 761 ἀπεδείκνυ-
777 697 849 762 utos
875 696 1057 783 νομίσμασι,
1090 701 1146 762 καὶ
1177 699 1205 762 οἱ
1238 701 1293 785 μὲν

171 821 240 883 σοιν,
257 800 285 863 οἱ
301 799 335 863 δὲ
350 799 476 877 πλείους
491 800 594 886 μάτην
610 800 682 865 κατ’
728 864 732 900 Ι
778 800 1037 885 ἀπεδείκνυον,
1062 802 1090 865 οἱ
1113 802 1147 864 δὲ
1165 801 1293 879 πλείους

169 904 272 967 αὐτῶν
294 902 523 988 ἐκεκράγεσαν,
551 906 604 966 τὸν
628 906 682 989 μὲν
729 903 733 989 ί
779 905 882 991 μάτην
905 903 978 969 κατ’
999 907 1102 969 αὐτῶν
1121 903 1292 990 ἐκεκράγε-

169 1007 398 1071 occeanum
455 1005 684 1092 ἀπροςτίμητον
780 1029 850 1091 σοιν,
868 1010 921 1072 τὸν
938 1008 993 1093 μὲν
1008 1007 1225 1071 ἐπιδεικνὺο
1236 1029 1293 1072 ντα

170 1111 254 1192 εἴων,
279 1113 332 1173 τὸν
347 1109 382 1173 δὲ
397 1109 684 1195 συκομοντησαντοι
779 1111 1007 1196 ἀπμοςτίμητον
1038 1112 1130 1193 εἴων,
1170 1112 1224 1174 τὸν
1258 1111 1292 1174 δὲ

170 1212 283 1298 ὀβολοῦ
312 1211 478 1298 καταβολῇ
513 1212 681 1298 ἐζημίουν·
780 1213 1067 1298 συκοφαντήσοντα
1098 1213 1209 1299 ὀβολοῦ
1235 1235 1293 1277 κοι-

170 1317 226 1378 xci
252 1315 349 1399 ὄνομα
372 1325 412 1399 τη
436 1315 535 1400 ζημίᾳ
557 1316 578 1400 η
603 1314 684 1380 eum·
779 1316 934 1402 ταβολην
949 1315 1108 1402 ἐζημίουν,
1127 1318 1183 1379 καὶ
1197 1317 1295 1402 ὄνομα

171 1416 272 1502 βελίοι.
779 1428 819 1503 τῇ
843 1418 941 1504 ζημίᾳ
964 1417 1133 1506 ἐπωβελία.

275 1607 322 1670 Εο
345 1606 441 1671 habes
468 1606 617 1673 nonnulla
640 1607 789 1688 exempla,
813 1607 964 1688 quomodo
979 1608 1027 1671 vir
1042 1607 1150 1672 doctus
1166 1607 1293 1672 alterius

172 1709 337 1792 Byzantini
353 1708 512 1791 scriptoris
528 1709 643 1772 librum
659 1709 865 1790 descripserit,
889 1709 979 1774 modo
996 1706 1091 1773 unum
1109 1710 1293 1774 uocabulum

175 1813 333 1888 omittens,
358 1814 449 1877 mono
473 1813 534 1876 alia
558 1812 681 1887 addens,
713 1811 804 1877 modo
835 1814 976 1894 tempora
1006 1813 1092 1877 verbi
1122 1815 1176 1877 eut
1206 1831 1294 1878 casus

172 1917 358 1981 substantivi
382 1918 515 1982 mutans.
562 1917 628 1981 Iam
651 1916 765 1981 chartis
796 1935 968 1999 parcamus,
999 1917 1111 1999 quibus
1144 1916 1184 1981 ad
1216 1916 1294 1982 alias

174 2038 222 2083 res
244 2018 344 2083 multo
366 2019 466 2101 magis
490 2018 577 2084 nobis
609 2038 685 2102 opus
718 2020 786 2084 erit.
831 2018 956 2085 Scholia
979 2018 1121 2102 Gregorii
1143 2019 1295 2085 Corinthii

173 2140 211 2185 no
233 2140 288 2186 nos
312 2140 401 2203 porro
424 2121 590 2200 reteruent,
616 2121 692 2187 satis
715 2124 841 2187 cautum
865 2142 932 2188 esse
954 2122 1053 2188 credo.

174 2392 197 2478 ξ
221 2391 259 2460 5.
304 2391 470 2460 Psellus
495 2409 588 2459 cum
611 2390 918 2480 lexicographis
954 2392 1218 2480 comparatur
1241 2392 1294 2477 et,

327 2493 539 2583 quidinde
567 2493 701 2563 conici
723 2494 872 2583 possit,
897 2493 1118 2583 profertur.

278 2667 323 2731 De
346 2666 430 2731 fonte
452 2666 553 2744 huius,
578 2666 731 2730 Michaeie
754 2666 867 2744 Peene,
901 2685 960 2730 non
992 2667 1057 2730 tam
1090 2665 1182 2729 facile
1212 2665 1296 2729 inter

174 2788 229 2834 nos
253 2770 424 2834 conveniet.
471 2770 641 2834 Attamen
664 2770 747 2834 hunc
778 2769 900 2833 silentio
932 2768 1095 2850 praeterire
1126 2786 1162 2832 eo
1193 2768 1295 2833 minus

174 2892 348 2955 possumus,
373 2873 445 2954 quia
468 2874 590 2938 constet
611 2873 705 2936 etiam
729 2872 774 2937 ibi
797 2874 831 2955 (ξ
855 2871 910 2953 31)
943 2871 1150 2954 fragmentum
1173 2871 1295 2935 Aristo·

175 2976 290 3040 teleum
316 2976 395 3058 (cap.
415 2974 467 3039 21.
490 2978 536 3054 4),
560 2975 641 3057 quod
658 2974 996 3040 Wilamouitz-Kaibel
1019 2975 1098 3039 inter
1118 2975 1297 3040 testimonia

176 3079 304 3143 ulterius
328 3078 471 3143 editionis
495 3078 602 3142 afferre
634 3080 821 3160 potuerunt,
860 3078 912 3142 diu
946 3078 1072 3142 latuisse
1102 3078 1132 3141 in
1166 3079 1296 3143 occulto.

176 3181 254 3246 Cum
276 3181 525 3263 Wilamouitz¹)
557 3181 768 3263 desperauerit
797 3180 963 3264 indagare,
997 3179 1148 3262 quomodo
1171 3180 1296 3245 Psellus

176 3285 235 3350 sibi
258 3284 334 3349 haec
356 3287 589 3367 comparaverit,
618 3285 683 3367 jem
716 3305 734 3350 a
764 3286 865 3368 primo
896 3286 996 3363 initio,
1028 3304 1100 3348 num
1132 3285 1209 3348 mihi
1239 3284 1297 3348 hoc

176 3388 346 3470 contingat,
371 3388 575 3452 dubitandum
600 3390 656 3453 est.
701 3388 760 3454 Sed
783 3389 856 3470 quia
877 3390 944 3471 ipse
967 3388 1042 3452 setis
1074 3389 1157 3452 certo
1180 3389 1296 3452 rectam

175 3511 225 3555 mo
257 3491 338 3555 viam
371 3492 544 3574 ingressum
578 3511 644 3556 esse
676 3511 855 3573 persuasum
889 3490 1004 3568 habeo,
1038 3491 1114 3556 alios
1145 3491 1297 3568 homines,

171 3594 294 3678 judices
317 3613 448 3670 severos
472 3596 530 3659 hoo
553 3595 651 3659 celare
674 3596 753 3659 nolo.
801 3595 835 3658 in
853 3594 960 3676 primis
976 3595 1080 3658 autem
1106 3611 1165 3657 non
1189 3612 1296 3675 super·

175 3715 345 3762 vacaneum
369 3717 435 3763 esse
458 3697 533 3780 puto
557 3698 729 3775 admonere,
753 3717 790 3762 ne
813 3701 844 3760 in
869 3697 947 3761 libro
970 3697 1028 3762 viri
1044 3697 1158 3761 eruditi
1174 3697 1296 3779 Byzan·

175 3801 261 3866 tinae
283 3800 396 3865 aetatis
418 3800 525 3865 eodem
548 3800 639 3866 modo
662 3801 796 3882 vestigia
817 3801 931 3865 veteris
947 3800 1104 3866 doctrinae
1127 3800 1163 3863 ut
1177 3799 1298 3864 reddita

176 3905 248 3983 sint,
273 3903 475 3985 postulemus
508 3906 600 3985 atque
625 3905 782 3970 innescio
813 3923 873 3987 quo
904 3905 1037 3968 auctoris
1060 3904 1170 3968 incerti
1201 3903 1298 3968 lexico

175 4007 338 4071 rhetorico.
391 4007 470 4071 Cum
500 4006 558 4070 hoc
589 4006 704 4070 fontem
728 4025 816 4071 surum
841 4006 879 4070 ad
908 4006 1035 4070 verbum
1070 4005 1222 4069 exscribat
1245 4006 1299 4069 aut

281 4313 305 4375 1)
325 4312 342 4365 l.
361 4313 378 4365 l.
397 4311 416 4364 Ι.
435 4313 486 4366 293
505 4326 527 4364 o.
547 4325 610 4366 eun.
629 4313 653 4365 9.
