2924 4928
711 315 754 378 46

274 519 405 585 Omnino
421 519 497 583 mihi
518 537 566 584 res
589 518 760 604 periculosa
783 519 935 601 valdeque
956 517 1050 583 dubia
1072 537 1138 583 esse
1163 518 1296 595 videtur,

170 621 325 705 indagare,
351 620 424 703 quid
447 621 632 687 Aristoteles
655 621 787 686 scribere
809 621 954 706 potuerit,
978 621 1053 703 quid
1074 621 1190 685 minus.
1236 621 1295 684 Fa·

171 725 286 790 cillime
309 724 421 802 evenit,
453 726 498 802 ut,
533 724 615 806 quod
636 724 701 809 ipse
725 743 785 789 non
809 724 979 809 scripturus
1001 724 1104 802 fueris,
1137 724 1294 789 auctorem

170 831 260 892 tuum
284 828 444 910 scripsisse
466 847 558 911 neges
581 828 728 912 temporis
750 828 872 893 ratione
893 828 1044 911 neglecta.
1082 827 1196 893 Contra
1215 827 1295 909 quod

172 930 324 1013 quomodo
354 931 420 1015 ipse
452 931 544 995 scribi
576 930 633 1007 nis,
665 931 698 996 id
728 931 755 996 si
786 950 846 996 non
878 933 984 997 eodem
1016 931 1122 996 ordine
1145 931 1295 1014 seriptum

172 1035 353 1120 reppereris,
377 1035 533 1119 scriptoris
557 1034 687 1100 consilio
710 1034 845 1100 alienum
865 1035 1066 1118 judicandum
1085 1036 1116 1100 et
1132 1035 1297 1117 antiquiori

173 1138 251 1203 fonti
281 1137 477 1202 tribuendum
509 1156 590 1214 esse,
623 1138 729 1202 statim
762 1156 877 1202 censes.
937 1136 1025 1217 Quod
1056 1137 1227 1222 perieulum
1259 1156 1296 1201 ne

174 1241 381 1306 Wilamowitc
412 1240 545 1322 quidem,
578 1259 637 1323 quo
668 1260 757 1305 nerno
788 1240 985 1325 profundiore
1017 1242 1173 1320 doctrina,
1206 1259 1296 1306 nemo

174 1344 363 1425 elegantiore
383 1344 499 1427 judicio
513 1345 672 1429 praeditus
688 1347 744 1424 est,
767 1345 888 1410 vitavit.
933 1347 982 1410 lta
1004 1346 1135 1431 exempli
1158 1346 1261 1428 gratia
1271 1345 1297 1426 ¹)

176 1446 334 1523 ὁδοποιοὺς
357 1448 408 1511 54.
434 1448 448 1508 l
474 1448 576 1531 potius
600 1467 660 1512 una
683 1466 753 1512 cum
775 1446 960 1531 ἀστυνόμοις
982 1448 1031 1514 50.
1054 1447 1074 1509 2
1097 1446 1301 1531 conjunxerit,

175 1549 325 1634 λογιστάς
347 1551 398 1613 54.
422 1549 442 1612 2
465 1551 571 1614 statim
594 1551 796 1635 εἰςοιγωγεῠσι
820 1549 871 1614 52.
894 1549 925 1625 2,
951 1550 971 1613 3
1004 1551 1035 1615 et
1057 1559 1121 1626 τοῖς
1144 1549 1299 1633 τεσσαρά-

176 1674 274 1716 κοντα
297 1654 349 1719 53.
374 1655 402 1732 1,
427 1652 448 1716 2
471 1655 659 1732 annexuerit,
692 1653 773 1736 quod
805 1654 841 1718 de
874 1652 1105 1739 παραδείγμασι
1137 1653 1229 1735 atque
1262 1653 1299 1718 do

176 1755 287 1840 πέπλῳ
310 1755 360 1821 49.
386 1759 406 1820 3
428 1757 571 1841 legimus,
596 1777 631 1822 ec
654 1758 886 1841 transposuerit,
919 1757 971 1821 ubi
995 1757 1032 1821 de
1056 1757 1165 1822 ceteris
1187 1757 1300 1821 officiis

177 1860 297 1922 senatui
320 1859 454 1942 demptis
476 1862 627 1924 tractatur
651 1861 703 1925 45.
726 1860 757 1938 3,
788 1879 892 1925 curam
919 1861 1069 1926 ’victorias
1101 1862 1132 1925 et
1162 1862 1301 1944 praemia

176 1959 307 2023 faciendi
331 1962 383 2024 49.
406 1960 427 2022 3
449 1961 492 2025 ibi
515 1961 637 2044 legerit,
667 1963 723 2026 ubi
755 1963 792 2027 de
818 1981 891 2027 cura
913 1963 1036 2028 navium
1061 1962 1224 2026 disseritur
1248 1961 1299 2025 46.

177 2062 261 2142 Quae
285 2082 353 2127 cum
377 2082 436 2128 non
453 2064 557 2128 ordine
581 2064 850 2131 aWilamonitzio
873 2066 1028 2150 postulato
1049 2065 1203 2150 descripta
1227 2066 1299 2142 sint,

179 2167 269 2230 nimis
292 2166 433 2232 lubenter
455 2169 578 2252 eulpam
600 2169 648 2233 illi
671 2170 747 2235 sonti
763 2169 950 2235 Aristoteleo
969 2170 1120 2235 attribuit.
1159 2169 1219 2233 Sed
1242 2168 1301 2234 hoc

177 2269 312 2334 nondum
341 2271 546 2355 disceptatum
578 2274 635 2351 est,
666 2293 741 2337 num
772 2275 836 2338 tam
870 2275 1014 2339 subtilem
1038 2273 1213 2357 argumenti
1236 2272 1302 2336 dis-

177 2373 361 2458 positionem
392 2374 423 2438 in
456 2375 513 2440 hoc
542 2375 690 2440 librorum
713 2375 970 2441 Aristoteleorum
1002 2395 1113 2460 genere
1143 2375 1302 2459 postulare

178 2477 281 2542 liceat.
326 2477 400 2542 Veri
426 2479 619 2543 simillimum
653 2479 730 2544 mihi
762 2498 829 2544 esse
851 2479 981 2558 videtur,
1013 2479 1094 2561 quod
1116 2479 1167 2542 Br.
1192 2477 1264 2543 Keil
1276 2477 1302 2562 ²)

179 2582 328 2665 exposuit,
361 2582 562 2647 Aristotelem
594 2584 627 2646 in
649 2583 820 2666 Republica
842 2583 1079 2648 Atheniensium
1105 2583 1240 2666 primurn
1264 2581 1303 2646 de

180 2685 288 2748 senatu
311 2685 390 2768 (cap.
413 2683 564 2767 43-49),
589 2686 655 2750 tum
672 2685 709 2749 de
725 2685 959 2767 magistratibus
976 2689 1056 2768 (cap.
1073 2684 1223 2768 50-62),
1248 2683 1303 2747 de·

178 2787 269 2867 nique
291 2786 328 2849 de
347 2786 472 2868 judiciis
496 2789 574 2872 (cap.
598 2787 640 2850 63
662 2787 721 2870 sq.)
744 2789 853 2871 egisse,
887 2788 959 2870 quia
981 2787 1012 2851 in
1028 2786 1169 2851 Politicis
1191 2787 1225 2870 (Z
1247 2785 1304 2872 [Δ]

182 2890 221 2949 14
243 2908 272 2972 p.
300 2888 403 2952 iactr
425 2891 689 2974 41-129823)
723 2892 830 2956 eodem
862 2891 967 2956 ordine
999 2893 1035 2954 τὸ
1066 2889 1301 2976 βουλευόμενον,

180 2992 216 3051 τὸ
248 2993 317 3073 περὶ
348 2995 404 3068 τὰς
435 2993 547 3078 ἀρχάς,
581 2996 617 3057 τὸ
648 2995 775 3075 δικάζον
807 2994 866 3058 tria
896 2995 1136 3076 uniuscuiusque
1167 2992 1305 3057 civitatis

180 3090 379 3158 fundamenta
402 3114 467 3160 esse
490 3096 690 3162 detrivisset.
735 3096 894 3175 Quomodo
918 3098 1021 3162 autem
1037 3097 1167 3160 alteram
1184 3098 1304 3180 partem

181 3198 218 3262 de
241 3199 474 3281 magistratibus
497 3199 657 3284 dispertire
681 3202 711 3264 in
734 3201 837 3265 animo
859 3200 997 3278 haberet,
1020 3199 1127 3265 auctor
1148 3199 1213 3282 ipse
1235 3218 1303 3282 cnp.

179 3301 264 3367 43.l
292 3303 368 3368 satis
391 3305 494 3388 aperte
516 3303 723 3369 indicaverat:
746 3304 881 3387 primum
904 3304 986 3368 enim
1005 3304 1206 3387 magistratus
1222 3302 1304 3366 sorte

182 3405 300 3483 ductos
333 3407 398 3470 tum
431 3406 576 3489 suffragio
608 3406 791 3471 constitutos
823 3406 910 3470 nobis
937 3407 1071 3491 prolerre
1093 3405 1200 3468 voluit.
1247 3402 1305 3467 Cui

182 3509 310 3573 consilio
333 3509 493 3593 posteriori
514 3510 599 3593 prius
622 3509 699 3574 illud
723 3509 861 3574 nonnihil
883 3509 1105 3594 impedimento
1128 3508 1195 3572 luit.
1236 3504 1304 3584 Quo

185 3715 439 3724 .-.-..--

287 3865 314 3928 1)
330 3863 521 3917 Wilamonritz
531 3863 549 3915 l.
562 3862 579 3916 l.
593 3863 611 3917 Ι,
631 3863 689 3927 226,
702 3865 760 3916 213.
792 3863 929 3917 Similiter
940 3863 986 3916 Br.
1000 3863 1071 3927 Keil,
1084 3864 1129 3917 die
1142 3862 1306 3917 solonisehe

183 3949 359 4016 Verfassung
376 3951 405 4003 in
417 3949 591 4003 Aristoteles’
605 3949 958 4016 Verlassungsgeschiehte
970 3950 1085 4003 Athens
1113 3950 1209 4004 Berlin
1227 3951 1304 4004 1892.

184 4050 209 4102 p.
229 4034 280 4088 230
298 4050 361 4089 ann.
381 4035 598 4103 2judicaverat,
626 4039 655 4089 at
677 4036 751 4089 hune
770 4036 896 4089 ordinem
914 4037 986 4089 fonti
1004 4037 1175 4097 Aristoteleo
1194 4037 1305 4090 crimini

183 4122 252 4174 dare
269 4136 327 4175 nou
344 4135 431 4175 ausus
450 4124 518 4176 erat.

288 4226 315 4291 a)
334 4224 351 4277 r.
370 4225 387 4277 r.
407 4240 431 4293 p.
451 4225 509 4280 aas.
