2924 4928
705 339 748 403 58

165 540 278 619 στῖζειν
301 559 392 621 quam
417 540 519 605 officia
542 538 718 626 ταξιάρχων
741 542 908 625 explicaret
918 542 955 622 ¹),
979 542 1017 608 ct.
1030 543 1166 627 Hesych.
1188 564 1293 628 παρα·

166 642 328 721 οτῖζουοα.
368 644 413 709 At
430 645 530 725 priore
546 644 613 708 loco
637 647 804 711 auctoritas
819 646 1007 724 Aristotelis,
1032 647 1058 710 si
1081 646 1159 711 alios
1176 646 1293 712 lexico-

164 747 298 829 graphos
320 747 536 829 perquirimus,
567 749 699 831 emergit
720 751 751 813 et
773 751 901 832 apparet
923 749 1017 815 rerba
1039 749 1132 815 fontis
1155 768 1174 814 a
1195 749 1291 814 variis

163 849 246 914 varie
269 850 435 931 depravata
457 869 533 916 esse.
572 850 660 930 Quod
681 851 717 916 ut
738 853 839 934 magis
862 853 990 930 eluceat,
1017 870 1094 934 quae
1117 852 1178 917 huc
1200 870 1290 934 spec·

163 952 240 1032 tant,
265 953 444 1018 exscribam.
488 955 619 1020 Aristot.
642 954 695 1020 61.
718 955 738 1018 4
762 956 793 1021 et
815 955 836 1018 5
859 955 951 1021 dicit:

315 1109 470 1193 ἵππαρχοι
492 1108 643 1194 ἡγοῦνται
666 1116 728 1172 τῶν
751 1107 912 1174 ἱππέων..
938 1109 1084 1194 κύριοι..
1103 1108 1193 1192 εἵοῖν,

317 1211 472 1296 φύλαρχοι
495 1211 645 1296 ἡγοῦνται
668 1219 730 1275 τῶν
754 1211 871 1277 ἱππέων

433 1365 535 1449 ὧνπερ
557 1364 585 1428 οἵ
609 1368 781 1451 στρατηγοὶ
803 1368 889 1429 κατὰ
911 1373 973 1430 τῶν
995 1365 1143 1429 ὁπλιτῶν.

435 1469 534 1551 ὥςπερ
556 1466 584 1531 οἵ
607 1465 769 1552 ταξίαρχοι
909 1475 970 1531 τῶν
992 1467 1140 1532 ὁπλιτῶν.

265 1623 377 1688 Pollux
416 1625 550 1706 priorem
589 1623 850 1705 comparationem
887 1623 1068 1705 aspernatus
1104 1621 1291 1705 generaliter

164 1727 264 1792 officia
299 1727 539 1811 hipparchorum
578 1727 713 1792 solorum
751 1725 915 1809 descripsit
960 1744 1086 1791 numero
1129 1724 1161 1790 et
1196 1724 1288 1790 modo

164 1829 287 1893 creandi
309 1832 413 1895 tamen
437 1850 473 1894 ex
495 1830 663 1894 Aristotele
698 1830 831 1911 sumpto,
864 1829 996 1894 alteram
1027 1847 1098 1894 vero
1129 1845 1290 1911 compere-

163 1935 280 1998 tiouem
301 1935 399 2000 totam
423 1936 550 2018 recepit.
596 1935 726 2000 Photius
758 1955 783 2000 s.
807 1955 836 2000 ν.
857 1936 1011 2019 ἵππαρχοι
1037 1935 1091 1999 hos
1115 1952 1185 1998 cum
1207 1933 1290 2000 tari-

164 2037 263 2101 erclris
287 2040 455 2120 comparat,
489 2038 634 2122 strategis
667 2039 904 2122 phylarchisque
932 2038 1066 2116 omissis,
1096 2036 1151 2101 sed
1172 2037 1217 2101 ita
1239 2038 1291 2101 ta-

164 2158 253 2218 men,
290 2140 325 2204 ut
356 2159 454 2206 sermo
487 2141 694 2206 Aristoteleus
727 2143 893 2225 perluceat.
949 2140 1034 2220 Quae
1066 2141 1124 2205 lex.
1156 2139 1227 2223 Seg.
1251 2139 1290 2203 V.

163 2241 236 2306 266.
260 2241 302 2304 26
335 2245 367 2307 et
388 2243 446 2308 lor.
472 2244 559 2308 Deru.
584 2243 687 2308 Petru.
711 2265 741 2327 p.
768 2245 807 2308 16
838 2244 878 2309 ad
909 2251 926 2321 ᾖ
951 2244 1013 2307 164
1043 2244 1080 2308 tle
1110 2243 1290 2325 hipparchis

163 2347 298 2423 narrant,
335 2346 416 2411 iuter
452 2367 484 2412 se
521 2348 704 2427 concinunt,
742 2349 780 2413 ab
798 2348 972 2412 'Aristotele
1007 2348 1129 2430 lougius
1162 2347 1290 2411 distant.

163 2449 259 2532 Harp.
283 2469 308 2514 s
330 2469 359 2514 ν.
382 2451 540 2535 ἵππαρχος
563 2452 593 2515 et
617 2450 790 2536 φύλαρχος,
825 2451 877 2533 qui
908 2451 1005 2528 locus
1038 2450 1137 2533 qualis
1168 2450 1199 2514 in
1222 2450 1290 2532 epi-

162 2553 245 2618 tome
278 2554 395 2634 erstat,
428 2573 524 2636 paene
555 2554 706 2637 repetitur
737 2574 755 2618 a
786 2556 845 2619 lex.
877 2553 948 2638 Seg.
981 2554 1018 2619 V.
1049 2553 1121 2617 313.
1146 2551 1198 2631 32,
1230 2553 1290 2617 etsi

163 2657 364 2723 Aristotelem
396 2658 524 2740 utroque
555 2659 623 2722 loco
654 2657 781 2737 laudet,
819 2657 1006 2741 paucissima
1038 2656 1109 2721 inde
1144 2656 1288 2737 sumpsit.

163 2761 323 2826 Texiarchi
357 2763 388 2825 in
411 2762 469 2826 lex.
492 2762 563 2846 Seg.
586 2761 625 2826 V.
648 2760 722 2826 306.
748 2761 788 2825 12
812 2762 856 2827 sic
879 2759 1080 2844 explicantur,
1110 2760 1146 2825 ut
1167 2760 1290 2824 Aristo-

164 2863 256 2928 telem
292 2863 407 2928 fontem
441 2864 491 2928 vix
528 2882 758 2948 cognoscemus.
819 2863 902 2944 Quot
939 2863 1078 2929 auctores
1115 2862 1196 2927 inter
1230 2862 1289 2926 lex.

163 2965 235 3047 Seg.
259 2965 287 3029 V
309 2965 517 3048 Photiumque
541 2969 572 3032 et
594 2967 795 3032 Aristotelem
817 2966 1057 3044 intercesserint,
1081 2983 1176 3047 aeque
1198 2963 1290 3048 igno-

163 3087 267 3131 ramus
290 3069 393 3150 atque,
424 3069 529 3133 utrum
556 3069 668 3135 Pollux
700 3071 758 3135 hoc
789 3070 856 3136 loco
881 3069 1082 3135 Aristotelem
1115 3069 1218 3150 ipsum
1250 3084 1289 3130 au

165 3172 281 3235 iontem
313 3171 485 3237 derivatum
517 3172 637 3238 adierit.
685 3173 769 3238 Illud
791 3174 869 3238 mihi
892 3173 993 3256 magis
1015 3171 1129 3256 placet,
1156 3168 1211 3234 sed
1232 3188 1290 3251 pre

162 3276 246 3339 certo
278 3274 433 3341 affirmare
456 3295 515 3342 uon
547 3295 683 3359 possum.
735 3279 779 3342 At
805 3295 886 3354 vero,
910 3276 991 3360 quoti
1014 3275 1054 3340 ad
1076 3293 1143 3339 rem
1165 3273 1289 3348 attinet,

164 3396 269 3444 omnes
301 3381 466 3462 scriptores
496 3381 587 3447 modo
612 3381 699 3445 allati
722 3381 801 3445 nihil
823 3381 907 3445 ultra
929 3378 1132 3445 Aristotelem
1154 3395 1210 3440 nos
1233 3375 1290 3440 do·

165 3483 303 3548 cueruut.
361 3483 478 3547 Mirum
500 3486 605 3549 autem
627 3484 684 3548 hoc
706 3485 812 3562 restet,
837 3501 903 3565 cap.
926 3482 979 3546 61.
1005 3482 1032 3559 l,
1056 3480 1076 3543 2
1099 3478 1291 3556 Aristotelis

164 3586 218 3651 ubi
240 3586 366 3652 uberius
389 3587 426 3651 de
449 3588 643 3670 praetoribus
666 3587 813 3670 disputat,
839 3589 877 3652 ab
893 3585 1035 3651 omuibus
1050 3601 1146 3666 paeue
1165 3583 1290 3668 neglec-

164 3687 233 3751 tum
247 3706 323 3753 esse.
360 3690 430 3755 Uno
451 3691 577 3759 tautum
595 3691 662 3755 loco
686 3690 776 3756 Phot.
794 3710 820 3755 s.
843 3709 872 3755 ν.
895 3685 1047 3774 ἡγεμονῖα
1070 3682 1288 3769 δικαστηρίου,

165 3792 197 3855 iu
219 3791 332 3874 glossa,
366 3812 442 3874 quae
466 3794 639 3876 complures
665 3795 868 3879 magistratus
900 3791 1123 3876 complectitur,
1155 3787 1290 3870 vestigia

166 3893 274 3977 exigua
296 3895 408 3960 inveni.

165 4117 422 4128 ·-—-—--....-..

272 4269 294 4337 1)
313 4269 347 4324 ci.
366 4267 506 4337 StoJeutin
524 4269 541 4322 l.
560 4269 578 4322 l.
595 4284 622 4337 p.
640 4268 682 4323 57.
