2924 4928
592 325 796 424 „Al--

120 526 243 592 steinio
257 525 281 603 ¹)
305 527 337 591 et
359 526 525 592 CarnuthIo
537 526 562 611 1’)
585 529 626 592 Iis
657 529 714 594 est.
767 528 940 612 Etymolog.
965 529 1068 594 autem
1090 529 1168 595 illud
1191 529 1255 596 Ge·

131 629 260 695 nuinum
298 648 485 712 quamquam
522 631 630 696 multis
666 631 754 697 libris
792 633 1012 714 manuscriptiS
1056 652 1074 696 a
1110 632 1255 698 Reitzen-

133 731 493 806 steinio³lenume1atis
516 733 701 812 continetur,
733 735 838 800 tamen
861 735 945 800 solus
967 735 1163 799 Florentium
1187 735 1253 800 eod.

132 837 163 901 S.
187 835 287 899 Marci
306 835 371 900 304
393 855 412 900 a
435 836 593 918 Millero⁴l
625 840 656 904 et
687 838 714 901 is
741 839 873 920 pessime
895 839 978 922 typis
1002 839 1173 920 descriptus
1197 840 1255 916 est,

131 940 176 1004 ita
197 939 233 1002 ut
255 937 441 1021 ignoremus,
464 939 538 1022 quid
554 940 652 1005 exstet
674 941 705 1005 in
722 940 787 1005 cod.
805 960 874 1020 ms,
898 941 971 1024 quid
986 940 1112 1021 desit⁵l.
1144 941 1252 1024 Itaque

132 1040 205 1105 dum
229 1040 377 1122 editiones
400 1059 495 1107 nouae
510 1042 561 1108 at.
578 1042 659 1109 Gud.
682 1042 891 1121 adarnuthio,
915 1045 966 1108 Iit.
983 1045 1059 1108 Gen.
1076 1063 1095 1108 a
1110 1045 1254 1109 Reitzen-

132 1143 242 1208 steinIo
266 1144 435 1226 promissae
458 1145 678 1225 desiderantur,
706 1147 764 1211 hae
786 1148 836 1212 ria
859 1148 934 1212 satis
956 1149 1023 1212 tute
1045 1166 1105 1212 uon
1128 1165 1254 1230 progre-

131 1248 234 1313 dieris.
279 1247 363 1328 Quae
386 1268 456 1314 oum
479 1250 523 1314 ita
546 1251 618 1330 siut,
640 1251 698 1315 hao
721 1252 897 1334 quaestione
917 1253 1043 1329 remota,
1068 1253 1144 1317 satis
1159 1250 1253 1315 habui

131 1351 236 1416 ineas
268 1371 316 1416 res
342 1353 504 1434 inquirere,
542 1373 620 1436 quae
652 1373 723 1418 oum
752 1355 785 1418 in
809 1354 987 1420 Aristotelis
1019 1354 1057 1418 de
1084 1354 1253 1437 Republica

131 1454 368 1521 Atheniensium
398 1455 498 1521 libelli
529 1459 618 1539 parte
649 1457 816 1540 posteriore
847 1459 915 1523 tum
945 1458 977 1522 iu
1005 1457 1143 1522 Pollucis
1174 1456 1254 1521 libro

130 1556 216 1623 VIII.
248 1558 459 1641 explanantur.
512 1558 603 1639 Nam,
636 1561 696 1625 nini
722 1561 822 1640 fallor,
854 1561 1030 1644 negandum
1061 1562 1120 1639 est,
1149 1561 1252 1643 Etym.

131 1660 237 1744 Magn.
269 1662 299 1725 iu
331 1661 444 1744 glossis
477 1662 585 1728 eodem
614 1663 636 1728 i.
659 1683 685 1729 e.
713 1664 752 1729 ad
783 1684 831 1729 res
862 1664 1002 1746 publicas
1029 1662 1254 1746 judicialesque

135 1763 368 1830 Atheniensium
399 1767 611 1847 spectantibus
634 1767 750 1832 iontem
781 1769 848 1834 tum
874 1769 1001 1850 exiguae
1023 1768 1090 1830 tum
1114 1783 1254 1830 summae

131 1867 325 1932 auctoritatis
365 1888 397 1933 so
438 1870 640 1951 praestitmse.
709 1870 763 1936 SIn
799 1871 896 1954 igilur
932 1869 1252 1944 demonstraverimus,

123 1971 213 2035 bunc
244 1971 425 2052 scriptorem
455 1972 518 2038 fere
550 1993 671 2056 semper
696 1975 819 2057 propter
841 1974 918 2040 vitia
941 1970 1178 2038 innumerabilia
1199 1989 1254 2051 pro

131 2073 228 2139 nihilo
259 2075 435 2140 habendum
466 2077 497 2141 et
528 2079 665 2143 nostram
687 2078 824 2161 glossam
846 2096 938 2160 supra
960 2077 1097 2140 notatam
1120 2074 1183 2139 alia
1204 2093 1254 2138 ra-

131 2177 223 2256 done,
241 2196 276 2243 ac
291 2179 497 2245 Wilamouitu
513 2181 622 2259 voluit,
645 2181 858 2263 explicandam
873 2198 948 2258 esse,
972 2178 1044 2242 huie
1062 2177 1139 2243 fonti
1160 2175 1253 2240 fidem

131 2280 358 2364 abrogabimus.

233 2384 382 2471 Naher⁶),
419 2388 604 2471 ubicumque
631 2389 661 2452 in
684 2388 744 2452 fine
771 2387 893 2471 glossae
916 2383 1124 2470 Etymologici
1145 2381 1253 2464 Magni

131 2486 262 2554 addatur
299 2489 453 2576 ῥητορική
490 2492 539 2556 vel
574 2492 616 2567 εἰς
649 2490 685 2554 cd
723 2488 886 2576 ῥητορικόν
917 2489 968 2554 vel
1005 2487 1044 2550 ἐκ
1074 2494 1129 2548 τοῦ
1162 2485 1253 2569 ῥητο-

130 2601 217 2676 ρικοῦ
248 2593 298 2658 vel
328 2593 430 2658 simile
462 2593 544 2676 quid,
578 2596 720 2660 Photiunr
750 2592 850 2658 solum
873 2591 987 2657 fontem
1011 2588 1152 2670 Intellegi
1175 2587 1252 2651 vult.

129 2693 312 2777 ,Componat
355 2696 431 2761 mihi
475 2698 555 2780 quIs‘
594 2698 695 2779 lnquit
731 2696 890 2772 ,Photium
935 2712 1006 2758 cum
1049 2691 1252 2775 Etymologo:

130 2796 265 2862 inveniet
296 2817 401 2864 omnes
432 2799 488 2865 has
519 2801 639 2884 glossae
672 2800 703 2864 in
726 2799 837 2864 Photio
861 2798 961 2862 adhue
984 2814 1152 2879 superesse.
1198 2793 1250 2856 In-

130 2902 231 2966 veuIet
253 2902 335 2967 haud
357 2922 426 2968 raro
448 2906 544 2971 testes
566 2906 669 2988 plures
692 2905 873 2986 adscriptos,
908 2901 1080 2966 uberiorem
1103 2898 1253 2980 interpre-
1362 2951 1363 2954 ,

129 3005 288 3084 tadonem,
308 3006 361 3070 sed
376 3006 417 3085 id,
442 3007 522 3090 quod
545 3008 638 3091 caput
659 3009 704 3072 rei
726 3009 783 3086 est,
806 3005 994 3087 corruptelas
1011 3001 1155 3068 easdem‘.
1192 2999 1253 3065 Sed

131 3109 265 3174 conserat
295 3129 408 3192 quaeso
439 3112 486 3176 vir
518 3111 713 3177 doctissimus
745 3112 882 3195 glossam
913 3106 1076 3194 ὑπωμοσίαι
1099 3104 1180 3186 apud
1202 3105 1252 3167 Et.

131 3211 234 3295 Mago.
256 3211 331 3278 784.
341 3213 383 3276 40
413 3232 483 3278 cum
516 3214 621 3279 eadem
645 3217 675 3279 in
699 3214 804 3279 Photii
826 3213 932 3292 lexico,
961 3210 1081 3277 adscita
1102 3208 1251 3288 Harpocr.

130 3315 262 3397 epitome
293 3335 317 3382 s.
341 3316 447 3382 eadem
478 3336 569 3382 voce:
601 3318 674 3401 Jam,
708 3317 792 3400 puto,
827 3335 924 3399 neque
958 3314 1023 3396 ipse
1045 3309 1254 3395 perseverabit

129 3416 186 3483 hoo
217 3419 398 3485 contendere
429 3439 526 3504 neque
561 3422 733 3506 Boysen⁷)
765 3440 854 3504 porro
887 3416 1097 3494 confirmabit,
1135 3413 1252 3481 Naheri

233 3662 257 3727 1)
275 3661 349 3716 Berl.
367 3663 434 3731 phil.
453 3663 551 3717 Wooh.
575 3663 649 3718 1895.
685 3678 711 3731 p.
731 3664 789 3717 793.
806 3662 865 3716 825.
884 3663 944 3717 856.

232 3747 260 3814 2)
277 3749 419 3804 Festschr.
437 3750 455 3804 f.
473 3751 568 3805 huuw.
586 3750 776 3814 Friedldnder,
803 3765 828 3818 p.
850 3751 978 3805 67-105,

232 3837 260 3902 3)
278 3837 351 3892 Berl.
370 3837 436 3905 phil.
454 3838 553 3892 Wooh.
582 3839 657 3893 1895.
687 3852 713 3905 p.
732 3839 791 3893 796.

229 3920 259 3991 4)
277 3923 338 3977 Mel.
358 3923 392 3977 de
409 3922 464 3977 litt.
481 3937 522 3991 gr.
543 3924 610 3979 1868
627 3937 653 3990 p.
674 3929 703 3977 11
724 3938 765 3992 sq.

231 4009 261 4072 5)
278 4009 478 4073 Rettzensteiu,
497 4009 598 4064 Philol.
615 4008 1137 4078 48.p.4500tBerl.ph.Woch.1895.
1155 4023 1181 4076 p.
1191 4008 1251 4063 827.

231 4096 260 4162 6)
278 4094 408 4163 Prolegg.
427 4096 462 4150 ad
480 4096 575 4151 Photii
592 4097 680 4151 lexici
698 4098 740 4151 ed.
759 4112 785 4165 p.
805 4097 862 4151 170.

232 4183 259 4246 7)
278 4183 321 4237 De
337 4183 570 4251 Harpocrationls
597 4183 684 4239 lexicl
702 4184 828 4239 fontibus
850 4184 1031 4252 quaestiones
1049 4181 1177 4237 selectae.
1204 4181 1250 4234 in:

128 4267 270 4324 Schriften
283 4269 332 4323 der
344 4269 519 4326 Universitdt
536 4287 572 4326 nu
585 4271 647 4326 IIiel
665 4286 717 4325 aus
735 4272 799 4326 dem
811 4271 899 4326 dahre
914 4269 979 4325 1876
998 4269 1048 4324 Bel.
1061 4267 1151 4324 XXIII
1170 4283 1194 4336 p.
1208 4266 1250 4320 76.
