2924 4928
681 352 885 450 A„

84 562 213 627 Ariston.
240 563 296 626 59.
394 561 503 624 Senot.
523 560 600 623 Pht.
622 556 753 621 Phaedr.
773 558 984 624 Schotoem.
1001 557 1076 621 706.
1090 553 1395 636 12.Ρὴοι.ο.ν.θεσμο

508 664 575 726 235
600 662 637 722 D.

395 766 537 848 (Ddbner
556 767 576 828 Ι.
600 766 680 828 704.
695 763 752 840 22)

394 883 422 946 οἱ
445 884 479 946 δὲ
498 881 698 967 θεσμοθέται
721 881 754 959 ἕξ
1143 881 1228 965 ἀρχὴ
1247 877 1395 963 Ἀθήνησ

348 1013 350 1016 ·
395 987 453 1048 εἰσι
477 989 531 1050 τὸν
550 986 685 1069 ἀριθμὸν
700 983 754 1067 ἀρ’
812 1021 817 1030 ·
1143 983 1221 1066 δρῶν
1265 981 1321 1063 ἕξ,
1371 981 1395 1044 oi

394 1089 437 1153 ὠν
452 1091 508 1152 καὶ
523 1089 539 1151 ὁ
553 1087 657 1171 τόπος,
675 1089 753 1151 ὅπου
1144 1093 1204 1149 τῶν
1213 1084 1315 1170 νόμων
1325 1084 1395 1168 ἐπιμ

395 1191 551 1274 συνῄεσαν
596 1193 651 1253 καὶ
691 1191 753 1254 ἐσι-
1144 1187 1306 1251 ἐποιοῦντο
1319 1187 1354 1269 ¹).

395 1303 530 1376 τοῦντο,
592 1292 754 1378 θεμίστιον

394 1397 554 1462 ἐκαλεῖτο.

17 1499 191 1584 προγράφαι
223 1500 263 1561 τοὶ
286 1499 374 1562 δικα-
395 1501 574 1585 ὑπογράψαι
602 1501 643 1563 τὰ
666 1500 753 1563 δικα-

18 1603 150 1688 στήρια.
168 1651 175 1666 .
193 1603 239 1665 ἔτι
262 1601 296 1664 δὲ
319 1605 375 1677 τὰς
396 1605 520 1689 στήρια.
559 1616 561 1618 ’

17 1705 375 1790 εἰςαγγελίας..κα“ιτοίς
395 1705 589 1791 εἰςαγγελίας
612 1706 736 1790 εἰςήγον
869 1711 1021 1794 ἄρχοντες
1043 1701 1132 1769 ἐννέα
1142 1699 1338 1785 εἰςαγγελίας

17 1807 293 1892 καταχειροτονίας
319 1811 449 1874 καὶκαὶ
473 1813 529 1884 τὰς
562 1806 754 1894 χειροτονίας
773 1810 921 1896 ἐλέγοντο
948 1810 976 1873 οἱ
999 1807 1032 1886 ἓξ
1055 1802 1257 1888 θεσ-γελλον
1279 1805 1336 1864 καὶ
1358 1804 1395 1866 τὰ

18 1913 72 1987 τοὶς
80 1910 234 2000 προβολὰς
249 1909 373 1986 ἁπάσας
394 1915 449 1974 καὶ
471 1911 626 2000 προβολάς
773 1913 921 1998 μοθὲται,
946 1915 1055 1986 οἵτινες
1075 1910 1131 1986 εἰς·
1142 1906 1280 1992 ροτονίας
1289 1908 1346 1968 καὶ
1356 1907 1395 1968 τὰ

18 2016 119 2078 ..καὶ
133 2015 255 2097 γραιροὶς
271 2034 374 2097 παρα·
394 2017 449 2077 καὶ
471 2017 594 2099 γραφὰς
619 2013 753 2096 παρανὸ-
772 2025 851 2100 ἠγον
874 2018 930 2090 τὰς
948 2022 1010 2078 τῶν
1031 2035 1131 2098 παρα·
1141 2008 1236 2097 βολὰς
1274 2008 1395 2079 ἅπασαι

17 2115 127 2204 νόμων.
396 2120 521 2202 μωνκαὶ
532 2117 639 2182 ἄλλων
649 2126 750 2181 τινῶν.
773 2118 873 2203 νόμων
895 2116 1028 2201 γραφάς.
1141 2117 1262 2200 γραφὰς
1284 2133 1395 2196 παρανι

323 2321 433 2400 Verba,
465 2341 543 2404 quae
566 2324 697 2390 Photius
720 2325 777 2390 sub
800 2323 892 2387 finem
915 2322 1035 2388 addidit
1068 2324 1124 2386 καὶ
1155 2323 1239 2407 ἦσαν
1271 2321 1351 2403 διορ-

222 2423 408 2489 torcatum
431 2427 543 2511 νόμον,
568 2428 708 2494 indidem
732 2429 835 2506 hahet,
859 2427 940 2491 unde
962 2427 1113 2508 Harpocr.
1136 2445 1161 2490 s.
1177 2446 1206 2490 v.
1229 2425 1352 2509 θεσμο-

222 2527 313 2592 θέται
337 2556 375 2584 =
396 2528 482 2594 Suid.
505 2550 530 2595 s.
554 2550 593 2608 v.,
628 2533 684 2621 qui
701 2531 889 2596 Aeschinem
920 2529 951 2594 3.
975 2529 1017 2592 38
1049 2537 1081 2593 et
1102 2529 1352 2612 Theophrastum

221 2632 316 2695 testes
340 2631 437 2696 affert.
492 2632 595 2699 Schol.
629 2653 659 2716 q.
693 2634 805 2699 Aesch.
834 2634 861 2696 l.
887 2633 929 2696 16
961 2651 976 2696 e
1007 2630 1136 2696 Polluce
1168 2648 1313 2695 manasse
1324 2629 1352 2712 ²}

221 2737 321 2813 oredo,
353 2736 424 2816 quia
455 2736 549 2800 rerba
574 2735 602 2799 οἱ
625 2736 825 2820 θεσμοθέται
849 2735 934 2799 ἄλλα
958 2736 1013 2819 μὲν
1035 2743 1157 2798 ποιοῦσι
1179 2741 1270 2816 κοινῇ
1296 2733 1352 2798 do·

221 2839 300 2916 cent,
331 2837 470 2902 insonte
494 2839 531 2903 de
556 2841 771 2905 communibus
795 2840 932 2905 omnium
955 2838 1138 2904 archontum
1160 2837 1271 2902 officiis
1295 2856 1353 2902 an-

220 2944 271 3004 tea
293 2940 486 3021 disputatum
511 2961 587 3020 esse,
612 2944 693 3024 quod
717 2943 829 3007 Pollux
845 2962 923 3007 unus
946 2961 979 3006 re
1002 2960 1073 3007 vera
1096 2941 1182 3022 i'ecit,
1204 2940 1243 3004 of.
1267 2941 1286 3021 ξ
1310 2939 1352 3002 87

221 3044 276 3104 καὶ
307 3052 396 3127 κοινῇ
430 3045 486 3127 μὲν
517 3054 640 3107 ταῦτα·
667 3045 729 3130 ἰδίᾳ
761 3046 814 3109 δὲ.
831 3094 838 3109 .
854 3093 885 3110 ..
933 3045 1072 3123 Accedit,
1104 3043 1186 3125 quod
1217 3041 1351 3107 eundem

223 3145 421 3211 scholiastam
452 3148 565 3213 codicis
597 3167 617 3230 q
645 3149 739 3214 etiam
762 3148 874 3232 alihi³)
896 3149 1023 3214 Polluce
1056 3167 1148 3213 usum
1179 3165 1245 3211 esse
1268 3166 1353 3212 com-

222 3250 368 3331 perimus.
422 3249 538 3316 Causae
571 3251 794 3337 aKaibelio‘)
827 3271 842 3317 e
876 3251 971 3317 schol.
1001 3251 1084 3316 Plat.
1108 3251 1269 3333 promptae
1291 3269 1351 3327 me,

222 3371 319 3434 neque
343 3354 378 3418 ut
400 3354 439 3418 ab
461 3355 519 3419 hac
541 3374 641 3437 neque
665 3356 700 3419 ut
723 3356 847 3434 chilla,
870 3374 964 3437 quam
980 3374 1072 3437 supra
1083 3354 1109 3437 ⁵)
1132 3353 1256 3434 protuli,
1282 3371 1354 3416 sen-

324 3665 351 3732 1)
368 3666 418 3720 His
436 3665 531 3718 verbis
552 3664 709 3718 doctrinam
721 3663 871 3717 Atticisteo
886 3662 1045 3717 Pausaniae
1063 3662 1173 3728 repetit,
1194 3660 1226 3714 cf.
1246 3659 1300 3727 frg.
1319 3660 1352 3714 79

223 3755 265 3808 ed.
284 3753 422 3807 Schwabe
440 3766 483 3818 ap.
503 3751 630 3804 Eustath.
650 3750 725 3803 1595.
745 3748 777 3803 37
806 3751 834 3802 et
855 3749 989 3811 Wentnei,
1008 3762 1044 3801 au
1071 3748 1124 3800 den
1144 3745 1353 3801 atticistischen

222 3838 344 3892 Glossen
363 3838 412 3890 des
429 3836 549 3890 Photius
567 3836 686 3889 Hermes
705 3836 747 3889 30.
767 3834 833 3888 1895
851 3840 876 3902 p.
892 3836 950 3888 374.
980 3834 1085 3887 Eadem
1103 3832 1290 3886 inveniuntur
1307 3845 1350 3899 ap.

221 3925 306 3992 Harp.
326 3937 347 3978 s.
367 3938 393 3977 v.
413 3922 583 3986 θεσμοθέται,
600 3925 659 3977 lex.
679 3921 742 3988 Seg.
762 3921 794 3975 V.
813 3922 877 3975 264:
893 3922 933 3984 15,
952 3921 1073 3989 Hesych.
1093 3935 1115 3973 a.
1134 3933 1159 3972 v.

323 4010 352 4076 2)
371 4010 412 4063 sio
426 4008 486 4076 Jam
504 4009 647 4076 StoJentin
666 4008 683 4061 Ι.
703 4009 720 4061 l.
740 4021 766 4075 p.
787 4009 813 4057 ll
837 4009 955 4062 censuit.

325 4097 352 4161 3)
372 4096 405 4148 ci.
425 4110 510 4163 supra
527 4111 554 4162 p.
572 4096 613 4149 59.

325 4182 352 4247 4)
371 4180 425 4234 Stil
442 4182 500 4234 und
518 4181 592 4236 Text
611 4195 637 4248 p.
656 4181 715 4234 245.

327 4267 354 4336 5)
374 4267 409 4322 oi.
428 4281 453 4334 p.
472 4269 514 4320 53.
