2924 4928
616 322 820 420 -ν-

167 527 234 602 θῶς
258 525 347 610 ἄρξαι
370 535 427 609 τῆς
458 524 578 600 πόλεως
608 527 629 610 ἢ
653 525 842 610 πρεσβεῦσαι
865 532 973 599 κακῶς
994 525 1015 608 ἢ
1040 521 1120 600 ὅλως
1142 521 1291 609 δημόσιον

164 650 196 691 τι
219 631 274 692 καὶ
296 630 400 692 κοινὸν
423 627 698 713 διαχειρίσαντας.
725 629 781 691 καὶ
803 628 844 690 τὰ
866 625 1054 711 δικαστήρια
1077 627 1133 712 μὲν
1155 626 1184 690 οἱ
1206 625 1292 711 λογι-

168 733 240 795 σταὶ
263 731 435 815 πληροῦσι.
462 739 637 815 κατηγορεῖ
658 730 692 793 δὲ
715 729 946 816 ὁβουλόμενος,
971 732 1026 793 καὶ
1048 738 1113 804 τοῖς
1128 729 1292 806 δικασταῖς

167 835 290 917 ἐφεῖται
312 832 467 918 τιμᾶσθαι
490 842 554 908 τοῖς
577 831 705 896 ἁλοῦσιν
728 834 801 896 ὅσον
823 832 998 919 βούλονται.
1044 832 1144 897 Nemo
1167 832 1292 916 quidem

168 956 203 1000 ex
224 937 273 1000 his
297 936 498 1018 scriptoribus
521 937 645 1018 plenam
668 935 756 1000 nobis
773 935 1008 1016 explicationem
1025 936 1176 1012 servavlt;
1200 935 1291 1000 modo

166 1041 225 1104 hoc
256 1038 347 1104 modo
381 1038 460 1104 illud
493 1039 687 1104 enuntiatum
720 1038 758 1103 ab
780 1056 840 1102 uno
863 1038 998 1103 alterove
1021 1039 1167 1102 omissum
1191 1039 1239 1102 est
1261 1040 1292 1104 et

167 1143 290 1225 integra
320 1142 425 1225 glossa
455 1142 500 1204 ita
531 1140 716 1218 restituitur,
748 1142 783 1204 ut
815 1139 899 1204 aliud
930 1159 966 1204 ex
997 1139 1058 1204 alio
1082 1141 1291 1223 suppleamus·
1427 1177 1429 1181 ·

167 1247 212 1310 At
233 1250 339 1310 tamen
363 1264 423 1311 non
447 1244 595 1309 temerius
617 1263 666 1307 me
688 1245 789 1326 egisse
822 1243 920 1321 oredo,
955 1243 1035 1325 quod
1066 1243 1181 1326 conjeci
1210 1244 1293 1308 hunc

168 1350 233 1414 fere
256 1349 352 1414 luisse
376 1347 537 1412 vorborum
562 1345 702 1409 ordinem
724 1345 827 1424 tontis,
853 1345 936 1410 unde
959 1364 1015 1410 sua
1036 1347 1164 1429 quisque
1187 1349 1292 1412 mutu·

168 1453 238 1517 atus
261 1452 313 1517 eit.
359 1451 438 1516 Sane
461 1450 525 1526 ille,
549 1448 602 1530 qul
619 1448 736 1530 primus
756 1447 876 1531 judices
899 1450 981 1513 sorte
1002 1449 1149 1532 legendos
1170 1449 1293 1532 logistis

169 1555 265 1632 dedit,
289 1556 473 1637 quicumque
493 1553 561 1630 fuit,
585 1551 746 1633 erravit¹)‚
771 1553 803 1616 et
816 1551 880 1616 veri
896 1552 1090 1616 simillimum
1105 1554 1153 1617 est
1168 1571 1292 1617 oausam

167 1658 260 1723 huius
285 1657 396 1723 erroris
413 1655 613 1720 Aristotelem
638 1655 739 1737 ipsum
756 1654 861 1719 fuisse.
900 1655 961 1718 llic
977 1655 1059 1719 enim
1073 1653 1190 1741 Ἀθην.
1216 1655 1290 1719 πολ.

168 1779 236 1842 cap.
260 1759 388 1823 56-59
419 1757 521 1823 olficia
555 1776 662 1822 novem
698 1758 879 1822 archontum
910 1756 1083 1822 describens
1115 1759 1159 1821 eis
1184 1758 1294 1822 tribuit

168 1865 204 1925 τὸ
227 1861 360 1945 εἰςάγειν
394 1861 436 1935 εἰς
458 1857 659 1944 δικαστήριον
682 1862 714 1924 et
737 1862 772 1922 τὸ
795 1862 866 1935 τοὺς
888 1859 1038 1936 δικαστὰς
1061 1859 1210 1944 κληροῦν,
1246 1860 1294 1925 lo·

168 1966 259 2046 gistis
281 1964 323 2029 ib.
353 1983 419 2046 cap.
447 1962 529 2027 542
553 1962 653 2028 solum
676 1964 711 2024 τὸ
735 1961 866 2046 εἰςάγειν
888 1963 930 2037 εἰς
952 1962 1164 2048 δικαστήριον.
1203 1964 1293 2030 Unde

168 2069 223 2132 ille
246 2069 294 2133 vir
316 2071 452 2150 ignotus
477 2067 679 2132 Aristotelem
701 2067 833 2130 alterum
856 2066 1037 2149 logistarum
1061 2066 1194 2132 officium
1218 2070 1295 2133 omi·

168 2172 247 2236 sisse
270 2171 367 2247 ratus,
389 2170 441 2254 jus
465 2171 638 2255 corrigendi
661 2169 720 2234 sibi
743 2170 912 2234 vindicavit
934 2171 965 2234 et
988 2169 1123 2234 officium
1147 2179 1202 2234 τοῦ
1224 2174 1296 2247 τοὺς

167 2275 323 2349 δικαστὰς
346 2274 484 2360 κληροῦν
507 2275 620 2357 injuria
644 2272 804 2355 demptum
827 2273 949 2356 legistis
967 2273 1110 2338 reddidit.
1154 2273 1294 2352 Bruuius,

167 2377 225 2442 sed
247 2379 351 2442 tamen
375 2379 496 2441 servata
518 2377 574 2440 illa
597 2377 676 2452 mira
698 2377 852 2457 tripertita
874 2376 1032 2453 divisione,
1060 2376 1187 2442 eandem
1210 2379 1295 2459 glos·

168 2499 239 2543 sam
269 2480 401 2564 legimus
433 2481 464 2544 in
496 2480 593 2544 lexico
625 2477 873 2561 Cantabriglensi
903 2509 942 2535 =
976 2480 1071 2544 schol.
1102 2481 1184 2544 Plat.
1211 2481 1293 2562 legg.

170 2605 201 2666 p.
225 2581 289 2645 945
312 2584 351 2648 D.
376 2583 422 2665 (ll
446 2603 476 2665 ρ.
500 2582 572 2645 483.
597 2580 638 2645 23
661 2582 804 2663 Dirbner]
833 2582 881 2645 his
903 2581 1022 2647 verbis:
1056 2582 1176 2645 eddeva
1198 2581 1295 2665 κρίσις

171 2687 257 2748 κατὰ
289 2693 351 2749 τῶν
374 2684 532 2769 ἀρξάντων
554 2686 575 2769 ἢ
599 2684 856 2772 πρεσβευσάντων
878 2686 900 2768 ἦ
923 2706 952 2747 τι
974 2692 1035 2748 τῶν
1058 2683 1178 2759 πόλεως
1199 2706 1295 2770 χειρι-

172 2787 295 2852 σάντων
316 2787 397 2863 ὅλως
428 2788 459 2852 et
489 2787 589 2869 primo
621 2789 670 2851 vel
693 2787 788 2852 altero
811 2787 859 2852 vel
881 2787 973 2852 tertio
995 2805 1106 2871 genere
1128 2789 1240 2852 omisso
1263 2789 1293 2851 in

170 2890 294 2953 Timaei
316 2889 375 2954 lex.
401 2890 556 2972 platonico
578 2909 608 2971 p.
634 2891 705 2969 125,
733 2911 781 2973 ap.
805 2890 899 2955 schol.
924 2890 1084 2956 Aesoni.
1109 2892 1136 2970 1,
1161 2891 1217 2956 lll.
1245 2892 1293 2955 15.

169 2991 234 3070 Qui
255 2992 315 3058 loci
339 3011 444 3058 omnes
466 3012 572 3059 vocem
595 2993 714 3079 edddrp
746 2995 868 3059 tantum
897 2995 1159 3078 interpretantur;
1191 2996 1293 3059 utrum

172 3094 305 3177 logistae
329 3115 369 3160 an
392 3097 520 3180 enthyni
541 3097 674 3162 rationes
698 3098 876 3180 receperint,
909 3117 968 3163 non
992 3100 1109 3164 curant.
1153 3098 1212 3164 Sed
1235 3116 1294 3161 non

170 3198 275 3262 solum
300 3199 400 3281 prima
422 3200 478 3264 illa
509 3201 681 3292 glossarum
714 3202 808 3265 series
840 3200 975 3266 officium
1006 3210 1060 3265 τοῦ
1084 3200 1217 3275 εὐθύνας
1238 3200 1295 3275 εἰς·

171 3301 262 3384 ἁγειν
295 3303 349 3366 aut
384 3303 528 3366 ἀπαιτεῖν
557 3303 680 3385 logistis
711 3296 834 3369 tribuit
890 3304 974 3369 Idem
1013 3303 1086 3368 fecit
1115 3303 1173 3366 lex.
1206 3303 1294 3366 Dem.

176 3404 277 3468 Palm.
300 3425 331 3487 p.
351 3404 411 3468 142
435 3406 474 3470 ad
496 3407 514 3488 ξ
533 3405 603 3485 117,
626 3408 677 3471 ubi
700 3407 834 3490 legimus
858 3405 1021 3491 λογισταί·
1047 3405 1132 3490 ἀρχή
1157 3426 1201 3480 τις
1222 3402 1294 3486 παρ’

172 3502 359 3592 Ἀθηναίοις
392 3512 462 3584 τοὺς
485 3512 639 3594 ἄρχοντας
662 3513 717 3573 καὶ
739 3514 809 3586 τοὺς
831 3512 1021 3597 πρεσβευτὰς
1044 3511 1219 3573 ἀπαιτοῦσα
1241 3512 1298 3585 τὰς

174 3609 321 3687 εὐθύνας.
370 3614 488 3677 lterum
521 3615 608 3679 notris
631 3614 764 3679 occurrit
787 3613 891 3678 eadem
915 3614 1024 3678 divisio
1047 3614 1294 3697 magistratuum,

173 3714 286 3778 iterum
309 3715 443 3799 legistae
467 3717 602 3782 rationes
628 3717 866 3800 magistratuum
887 3717 1049 3798 recipiunt.

278 3819 370 3883 Nunc
393 3819 456 3901 iam
480 3821 508 3885 ei
530 3820 597 3885 loeo
620 3821 746 3903 propius
769 3819 912 3886 accedere
931 3840 1103 3903 possumus,
1127 3822 1206 3887 unde
1228 3840 1297 3885 mea

172 3918 301 4001 quidem
332 3922 484 3986 sententia
519 3923 673 4004 sequitur,
712 3924 806 3986 etiem
837 3923 1110 4004 Harpocrationem
1144 3923 1297 4005 quondam

281 4239 306 4306 1)
325 4240 517 4294 Wllamowitz
535 4241 551 4293 l.
571 4241 587 4294 l.
608 4240 637 4293 ll.
657 4242 707 4294 232
726 4241 795 4294 dnn.
814 4242 838 4294 6.
