2924 4928
741 336 800 399 110

212 542 325 628 πόρους
381 539 572 625 ἀναγκάζειν
590 538 738 605 Ἀττικὸν
753 537 897 624 ἐμπόριον
913 538 953 601 τά
972 537 1118 623 ἐμπόριον
1140 539 1176 601 τό
1202 539 1333 604 ἀστικόν

212 646 254 722 είς
269 647 305 709 τό
320 646 400 709 ἀοτυ
419 642 568 730 κομίζειν.
591 641 617 729 β’
640 641 719 728 μέρη
752 644 823 718 τοὺς
855 640 953 727 ἐμπό-
971 641 1012 704 τά
1053 641 1107 706 δύο
1145 638 1223 726 μέρη
1261 644 1334 717 τοὺς

590 767 660 829 ρους
691 744 883 828 ἀναγκάζειν
910 745 953 820 εἰς
971 743 1124 829 ἐμπόρους
1142 744 1334 829 ἀναγκάζειν

590 851 625 912 τό
649 850 730 913 ἄστυ
754 846 926 933 κομίζειν“.
972 845 1027 933 [είς
1041 849 1078 910 τό
1093 849 1174 912 ἄστυ
1194 847 1333 933 κομίζειν

970 950 1058 1016 addit
1079 949 1165 1016 suid.
1181 949 1333 1035 ἐπιμελη-

970 1052 1023 1117 ταί
1045 1054 1089 1137 gl.
1113 1051 1156 1138 21.

314 1258 401 1324 Idem
423 1259 490 1324 fens
513 1257 643 1324 ultimus
658 1256 842 1322 Aristoteles
865 1257 992 1339 apparet
1014 1257 1046 1320 in
1061 1257 1165 1337 glossa
1188 1258 1334 1342 μετρονό-

212 1383 278 1447 μοι;
303 1362 357 1428 ubi
379 1362 484 1426 lexicis
508 1360 769 1442 Harpocrationee
793 1359 824 1424 et
846 1357 1034 1442 Segueriano
1055 1359 1084 1423 V
1106 1358 1237 1425 Photius
1261 1360 1335 1424 addi

212 1465 322 1547 potest.

136 1654 264 1720 Ατὶοίοί.
288 1656 331 1718 51.
354 1653 385 1717 2.
453 1654 546 1735 Ηοτρ.
565 1671 592 1716 s.
604 1671 632 1716 v.
650 1672 757 1736 μετρο-
831 1652 1063 1734 1οκ.8ορ.1ί.
1130 1653 1219 1717 Ρίιοί.
1235 1672 1262 1718 s.
1278 1672 1305 1717 v.
1329 1674 1439 1737 μετρο·

451 1738 679 1824 νόμοι--ὃιιὶἀ
691 1757 717 1802 s.
729 1757 756 1802 v.
872 1738 944 1804 278.
968 1740 1023 1805 25.
1237 1737 1333 1824 νόμοι.

111 1895 300 1979 κληροῦνται
316 1892 417 1955 δὲκαὶ
452 1892 537 1977 ἀρχή
555 1913 600 1969 τις
615 1889 758 1976 Ἀθήνη·
794 1890 989 1976 μετρονόμοι,
1020 1890 1101 1977 ἀρχή
1129 1893 1280 1977 ἄρχοντες
1296 1894 1381 1976 ἦσαν
1399 1892 1439 1956 10

114 1996 307 2082 μετρονόμοι,
325 1995 344 2056 5
361 1995 417 2078 μέν
453 1995 499 2060 σίν
528 1996 613 2060 ἐστιν
643 1994 664 2079 ἡ
697 2001 759 2059 τῶν
795 2016 841 2071 τις
923 1993 1102 2080 Ἀθήνησιν
1130 1997 1184 2060 τόν
1215 1995 1362 2080 ἀριθμόν,
1396 1996 1439 2059 ὢν

111 2102 153 2176 είς
169 2102 262 2182 ἀστο,
287 2100 357 2163 5δὲ
374 2101 416 2177 είς
454 2098 669 2184 μετρονόμων,
718 2095 759 2171 ὡς
795 2097 946 2183 κληρωτη
982 2098 1004 2183 ἡ
1041 2104 1103 2161 τῶν
1130 2100 1150 2160 5
1182 2100 1238 2184 μὲν
1268 2098 1302 2162 ἐν
1333 2100 1437 2180 ἀστει,

111 2202 271 2287 Πειραιέα·
296 2205 350 2266 καὶ
365 2205 416 2266 οὔ·
452 2202 619 2288 Δείναρχος
650 2202 683 2266 έν
714 2208 758 2285 τῷ
797 2201 1013 2287 μετρονόμων,
1061 2201 1103 2264 10
1131 2201 1150 2262 5
1182 2201 1208 2265 δ’
1236 2202 1269 2267 ἐν
1299 2201 1441 2285 Πειραιεῖ

31 2325 33 2330 ’
110 2328 158 2371 τοι
194 2315 256 2371 τῶν
299 2308 417 2394 μέτρων
452 2308 537 2371 κατὰ
573 2302 758 2370 Καλλισθέ-
796 2308 849 2369 τόν
880 2304 1026 2392 ἀριθμόν,
1059 2305 1102 2369 ὢν
1131 2307 1187 2368 καὶ
1202 2305 1440 2391 είχοντηνέπι·

110 2413 165 2475 καί
185 2419 248 2475 τῶν
264 2412 417 2499 σταθμῶν
451 2431 532 2487 νους.
557 2411 640 2494 ἦσαν
656 2407 690 2470 δέ
706 2410 760 2472 τόν
795 2409 987 2494 ὃμὲνησαν
1009 2410 1102 2494 ἐντῷ
1132 2408 1271 2496 μέλειαν,
1296 2411 1381 2484 ὅπως
1396 2405 1440 2470 δί-

111 2514 330 2601 ἐπιμελοῦνται
339 2516 416 2582 πάν-
453 2514 585 2599 ἀριθμόν
606 2510 687 2591 10,5
703 2512 759 2596 μὲν
795 2511 946 2597 Πειραιεῖ,
971 2514 992 2575 5
1014 2514 1048 2578 δὲ
1070 2513 1103 2577 ἐν
1131 2534 1208 2578 καια
1230 2513 1251 2597 η
1276 2515 1316 2577 τὰ
1341 2510 1443 2597 μέτρα

111 2637 184 2701 των,
209 2619 292 2694 όπως
310 2618 338 2683 οἱ
353 2640 416 2684 πω·
453 2618 495 2694 εἰς
513 2616 657 2700 Πειραιᾶ,
682 2616 702 2677 5
725 2615 758 2678 δὲ
796 2618 895 2679 ἄστει.
943 2618 1028 2680 οὗτοι
1069 2618 1103 2680 δὲ
1131 2624 1192 2681 τῶν
1214 2615 1416 2682 πωλούντων.

109 2719 235 2796 λοῦντες
244 2719 418 2807 χρήσονται
453 2721 495 2796 είς
532 2723 631 2803 ἀστυ,
671 2718 759 2803 είχον
796 2721 855 2804 τὴν
865 2719 1045 2805 ἐπιμέλειαν
1060 2722 1103 2786 εί-

109 2822 249 2899 δικαίοις.
453 2825 487 2889 δὲ
497 2826 555 2909 τὴν
565 2821 757 2908 ἐπιμέλειαν,
796 2843 866 2909 χον,
892 2824 975 2900 ὅπως
997 2823 1104 2890 δίκαια
1195 2840 1198 2845 “

453 2929 535 3003 όπως
558 2926 664 2990 δίκαια
681 2927 702 3010 η
720 2925 760 2986 τὰ
796 2928 882 3010 ητα
913 2926 1010 3012 μέτρα
1042 2936 1104 2993 τῶν

454 3030 550 3115 μέτρα
590 3038 652 3094 τῶν
696 3051 759 3094 πω·
796 3030 995 3095 πωλούντων.

452 3134 601 3217 λοόντων,
636 3133 677 3209 ὡς
706 3134 761 3194 καὶ

451 3235 675 3322 Ἀριστοτέλης
728 3235 760 3300 ἐν

451 3350 492 3425 τῇ
505 3338 688 3427 Ἀθηναίων
704 3361 759 3403 πο-

452 3441 552 3529 λιτείᾳ
576 3443 679 3530 δηλοῖ.

313 3631 421 3713 Neque
444 3632 534 3697 aliter
551 3632 755 3717 judicandum
780 3633 827 3697 est
850 3631 887 3696 de
910 3631 1105 3714 agoranemis
1128 3629 1258 3696 Aristot.
1282 3620 1359 3694 51.ι

215 3735 229 3796 1
264 3734 386 3800 collatis
408 3736 520 3819 glossis
542 3735 694 3818 Harpocr.
718 3755 742 3800 s.
765 3755 794 3800 v.
819 3733 1018 3819 ἀγορανόμοι,
1043 3734 1102 3799 lex.
1125 3735 1163 3798 V.
1188 3732 1260 3798 199.
1283 3732 1336 3813 24,

212 3839 271 3901 lex.
296 3836 542 3922 seg.V1.330.
570 3838 610 3901 13
645 3839 744 3921 (Suid.
776 3858 800 3904 s.
824 3859 856 3906 ν.
886 3836 1095 3922 ἀγορανομίας
1119 3865 1158 3893 =
1182 3837 1240 3905 lex.
1264 3836 1337 3922 Seg.

211 3940 427 4006 11133017
460 3946 499 4016 -Ι-
531 3941 574 4006 ib.
597 3941 670 4006 330.
699 3941 761 4025 13),
798 3941 835 4006 de
867 3941 1035 4024 astynemis
1067 3940 1154 4004 Arist
1174 3940 1198 4006 ί.
1230 3939 1281 4005 50.
1306 3940 1336 4018 2,

210 4061 343 4126 quocum
366 4044 404 4107 ef.
428 4045 524 4126 Harp.
548 4065 572 4109 s.
596 4065 623 4110 ν.
648 4047 678 4109 et
701 4047 760 4110 lex.
785 4046 855 4128 Seg.
879 4046 933 4109 VI.
957 4045 1029 4108 455.
1053 4043 1105 4123 25,
1144 4043 1181 4109 de
1213 4045 1337 4110 οιιιοίο-

210 4146 296 4212 ribus
321 4165 460 4211 annonae
483 4147 613 4213 Asistot.
638 4147 690 4210 51.
714 4148 735 4210 3
758 4167 829 4212 cum
850 4148 948 4230 Hesp.
971 4167 994 4213 s.
1020 4168 1048 4212 v.
1072 4173 1112 4204 τ.-
1140 4146 1226 4212 Suid.
1248 4167 1273 4212 s.
1297 4168 1338 4225 v,

211 4251 270 4315 lex.
294 4249 364 4334 Seg.
388 4251 427 4315 V.
450 4249 523 4316 300.
549 4251 598 4331 19,
623 4251 714 4316 Phot.
739 4271 764 4317 s.
781 4272 808 4316 v.
832 4251 1027 4334 comparatis.
1073 4251 1118 4316 De
1143 4250 1336 4316 curatoribus
