2924 4928
761 326 822 390 134

224 531 350 598 Polluce
383 533 423 597 X.
456 531 498 595 73
529 532 628 605 docet,
663 532 800 615 aliquam
831 532 911 597 inter
945 532 1106 613 utriusque
1141 551 1218 613 opus
1251 531 1347 596 inter·

224 637 352 701 cessisse
375 633 539 699 rationem.

288 807 466 873 Athenaeus
488 808 537 872 ΧΙ.
561 809 668 874 496ο.
965 808 1077 872 Pollux
1101 807 1138 871 Χ.
1163 808 1218 874 73.

223 959 476 1047 Πλημοχὸη.
508 969 619 1037 σκεῦος
641 982 734 1045 κερα-
832 960 918 1046 τάχα
929 960 963 1024 δὲ
973 963 1029 1024 καί
1038 960 1252 1047 πλημοχόην·
1278 963 1346 1025 ἔστι

224 1072 317 1148 μεοῦν
326 1062 516 1150 βεμβικῶδες
527 1063 736 1149 ἑδραῖονὴσυ-
831 1063 865 1126 δὲ
897 1073 1069 1149 κεραμεοῦν
1101 1064 1250 1149 ἀγγεῖον,
1287 1066 1346 1128 οὐκ

222 1176 282 1252 χη,
307 1166 324 1229 ὃ
346 1167 535 1232 κοτυλίσκον
558 1167 631 1231 ἔνιοι
646 1188 736 1251 προς·
831 1167 907 1251 ἔχον
929 1165 1000 1244 ὀξὺν
1026 1169 1080 1230 τὸν
1101 1167 1250 1252 πυθμένα
1273 1167 1346 1231 ἀλλ’

219 1269 438 1354 ἀγορεύουσαν,
472 1271 512 1345 ὥς
544 1290 621 1355 φησι
645 1268 735 1354 Ποίμ-
831 1269 953 1354 ἑδραῖον
976 1291 1011 1333 τε
1041 1272 1097 1332 καὶ
1128 1270 1290 1355 στάσιμον,
1320 1272 1345 1356 ᾦ

223 1371 322 1454 φίλος.
352 1372 499 1458 Χρῶνται
530 1372 570 1457 δη
593 1373 679 1456 αὐτῷ
702 1372 736 1436 ἐν
830 1380 969 1458 χρῶνται

222 1472 378 1539 Ἐλευσῖνι
409 1485 448 1560 τη
481 1474 648 1559 τελευταίᾳ
673 1483 736 1539 τῶν
1027 1485 1067 1560 τη
1091 1476 1260 1562 τελευταίᾳ
1283 1487 1345 1542 τῶν

222 1577 400 1664 μυστηρίων
415 1577 530 1665 ἡμέρᾳ,
555 1579 596 1663 ἣν
611 1582 666 1643 καὶ
680 1577 734 1642 ἀπ’
832 1578 1020 1665 μυστηρίων,
1045 1581 1085 1665 ἣν
1104 1581 1158 1644 ἀπ’
1173 1584 1269 1646 αὐτοῦ
1286 1603 1344 1645 κα-

222 1682 319 1744 αὐτοῦ
334 1682 595 1767 προςαγορείουστ
611 1682 735 1768 πλημο-
830 1680 937 1746 λουσιν
959 1683 1162 1769 πλημοχίην.

220 1782 312 1868 χίας.
349 1784 383 1848 ἐν
413 1786 434 1868 η
467 1784 521 1848 δύο
545 1784 736 1870 πλημοχόας

221 1886 458 1972 πληρώσαντες,
493 1890 551 1972 την
582 1890 638 1973 μὲν
660 1889 735 1972 πρὸς

222 1989 390 2073 ἀνατολάς,
415 1992 474 2075 την
496 1990 530 2054 δὲ
552 1993 627 2075 πρὸς
649 1989 734 2054 δύσιν

222 2092 428 2176 ἀνιστάμενοι,
437 2091 661 2177 ἀνατρέπουσιν
671 2093 733 2157 ἐπι·
780 2053 784 2174 ί

221 2195 367 2280 λέγοντες
389 2196 479 2280 ῥῆσιν
503 2196 668 2281 μυστικήν.
781 2177 784 2280 ί

323 2367 485 2432 Accedunt
514 2366 628 2432 indicia
659 2385 695 2432 ex
718 2367 788 2432 eliis
810 2368 898 2432 libris
921 2368 964 2434 11.
987 2369 1044 2435 111.
1067 2370 1115 2434 IX
1149 2369 1342 2436 Onomastici

220 2472 291 2553 post
311 2470 448 2536 Roseum
470 2489 489 2534 e
512 2469 627 2535 Oohnio
639 2469 664 2554 ¹)
687 2470 884 2553 potissimum
907 2471 1046 2537 collecte.
1091 2471 1152 2552 Qui
1175 2473 1343 2540 dummodo

220 2573 384 2639 Vestinum
416 2573 554 2654 deserat,
586 2573 767 2655 profiteatur
797 2573 1015 2656 Pamphilum,
1048 2595 1098 2640 me
1132 2576 1344 2641 adversarium

219 2696 281 2742 non
311 2677 445 2742 habebit.
498 2677 672 2752 Vestinum,
704 2678 731 2743 si
762 2678 907 2760 quattuor
929 2678 1017 2743 libris
1040 2679 1223 2744 immensam
1247 2679 1344 2745 Pem-

219 2779 298 2862 phili
320 2779 481 2844 materiem
503 2799 535 2844 re
558 2799 630 2845 vera
652 2780 829 2862 complexus
852 2781 942 2860 esset,
970 2781 1092 2847 Polluci
1115 2801 1261 2864 umquam
1287 2803 1344 2866 ep·

218 2889 296 2962 tum,
329 2902 420 2965 quem
443 2885 632 2965 sequeretur,
666 2884 806 2950 futurum
839 2885 934 2949 luisse
969 2904 1056 2968 nego.
1111 2885 1163 2950 Sin
1188 2904 1259 2951 vero
1282 2905 1343 2952 non

219 2984 380 3070 ἐπιτομήν,
403 2986 458 3050 sed
480 2985 621 3071 ἐκλογήν
643 2986 744 3067 operis
764 2986 949 3070 Pamphilu,
974 2989 1008 3053 ut
1030 2988 1076 3052 ita
1098 2986 1209 3065 dicam,
1234 2988 1342 3068 cudit,

218 3089 283 3153 veri
303 3087 454 3152 dissimile
477 3089 583 3161 restet
608 3087 760 3170 quomodo
783 3088 895 3154 Pollux
916 3089 996 3154 hanc
1019 3089 1135 3173 optimo
1158 3091 1271 3155 eventu
1293 3091 1344 3157 di·

219 3191 403 3258 versissimis
418 3192 506 3257 libris
525 3192 556 3255 et
570 3192 602 3256 in
619 3191 837 3257 diversissimis
854 3193 954 3272 rebus
979 3194 1017 3258 de
1039 3194 1178 3259 aetatum
1200 3195 1342 3277 appella·

217 3296 354 3362 tionibus
377 3295 567 3380 (11.8-13.
592 3294 641 3359 17.
669 3295 730 3379 18),
756 3296 794 3360 de
817 3296 1017 3377 cognatorum
1041 3295 1263 3360 ethelmerum
1285 3316 1342 3361 no·

216 3400 353 3465 minibus
386 3398 457 3480 (111.
484 3398 655 3483 lii-83),
689 3398 832 3465 deludis
868 3399 938 3482 (IX.
961 3399 1056 3462 94-
1074 3399 1149 3474 113)
1184 3401 1342 3466 consulere

216 3503 362 3585 potuerit.

318 3607 426 3688 Itaque
458 3625 512 3686 per
543 3625 649 3671 omnes
681 3608 787 3672 decem
820 3607 915 3672 libros
939 3607 1072 3690 vestigia
1095 3606 1253 3688 Pamphili
1275 3606 1340 3670 dis·

217 3727 308 3790 perso
325 3711 442 3792 peccet,
475 3709 556 3791 quod
588 3711 798 3793 suspicionem
820 3712 924 3776 movet
946 3709 1083 3795 λειμῶνα
1106 3708 1279 3775 Aristarchi
1303 3709 1342 3774 ed

215 3812 345 3876 formam
383 3811 574 3878 Onomastici
611 3812 843 3895 exprimendam
882 3814 1001 3898 insigne
1041 3814 1135 3878 luisse
1173 3813 1338 3895 exemplar,

318 4090 345 4147 ll
372 4089 415 4144 De
435 4089 626 4158 Aristophane
644 4090 783 4158 Byzantio
811 4091 840 4144 et
857 4089 995 4145 Suetonio
1015 4089 1178 4157 Tranquillo
1196 4091 1340 4146 Eustuthii

215 4175 379 4230 auctoribus
405 4176 435 4231 in
453 4176 535 4231 Jhob.
561 4177 579 4230 f.
607 4177 678 4232 Phil.
700 4176 797 4245 Suppl.
824 4176 876 4230 Bd.
894 4177 953 4230 ΧΠ.
983 4177 1051 4231 1881
1070 4190 1095 4244 ρ.
1114 4177 1174 4230 300.
1201 4177 1260 4232 320.
1279 4177 1338 4231 321.

213 4262 273 4316 325.
291 4263 352 4316 337.
