2924 4928
711 397 752 460 43

168 601 287 681 ξουσιν,
302 599 529 675 διακωλύοντες
551 602 607 663 καί
628 609 668 684 τῇ
684 600 830 665 Παλλάδι
853 603 912 686 τὴν
934 612 999 678 τοῖς
1020 602 1122 687 νόμοις
1149 605 1295 688 χρῆσθαι

168 704 411 788 ἐπιχειροτονεῖν
469 703 529 766 ὅσα
552 706 679 788 πομπὴν
733 704 909 790 ἐκόσμουν,
934 706 1045 770 καὶέν
1033 714 1106 872 ἐτῇ
1134 705 1295 792 ἐκκλησίᾳ

169 809 213 892 μη
239 806 398 891 συμφέρει.
552 808 606 870 ὅτε
629 807 788 892 κομίζοιτο
810 807 910 885 τὸξό-
934 812 990 873 καὶ
1033 810 1149 894 ἐντη
1194 810 1292 896 βουλῇ

552 931 624 976 ανον
645 911 696 974 ἐπὶ
711 912 770 995 την
785 912 910 976 θάλασ-
934 916 1014 999 μετὰ
1045 922 1107 977 τῶν
1138 912 1294 997 προέδρων

553 1036 637 1079 σαν·
662 1016 844 1101 ἠνάγκαζον
876 1014 911 1077 δέ
933 1017 1110 1102 ἐκάθηντο,
1156 1014 1293 1079 κωλύον-

552 1123 608 1185 καὶ
630 1122 685 1195 τὰς
707 1121 807 1204 ἀρχὰς
829 1127 910 1203 χρῆ·
933 1138 984 1194 τες
1007 1123 1046 1182 τὰ
1069 1119 1233 1204 ἀσύμφορα
1252 1127 1291 1202 τη

552 1224 630 1288 σθαι
653 1232 718 1298 τοῖς
738 1222 840 1308 νόμοις
856 1223 911 1284 καὶ
933 1223 1023 1287 πόλει
1035 1222 1192 1306 πράττειν.
1212 1220 1293 1283 ἑπτα

552 1327 584 1391 ἐν
618 1335 686 1402 ταῖς
723 1324 911 1410 ἐκκλησίαις
933 1328 967 1391 δέ
989 1329 1084 1411 ἦσαν,
1118 1327 1173 1387 καὶ
1199 1323 1293 1387 κατέ-

552 1431 715 1514 ἐκοίθηντο
747 1431 826 1514 μετὰ
848 1435 911 1491 τῶν
935 1451 1069 1514 στησαν,
1095 1427 1136 1504 ὡς
1154 1426 1292 1510 Φιλόχο-

552 1533 705 1618 προέδρων
735 1533 910 1698 κμλύοντες
934 1555 1000 1617 ρος,
1036 1534 1089 1595 ὅτε
1119 1529 1293 1613 Ἐφιάλτης

539 1637 652 1795 φψηφίζ
654 1638 772 1719 ειν,εῐ
744 1657 827 1700 ετι
850 1657 910 1697 πα·
934 1638 1013 1723 μόνα
1035 1633 1187 1699 κατέλιπε
1203 1641 1241 1715 τῆ
1259 1628 1292 1706 ἐξ

539 1761 682 1825 ρανομον
705 1740 860 1816 αὐτοῖςί
832 1761 910 1804 εναι
932 1739 1055 1825 Ἀρείου
1071 1739 1173 1823 πάγου
1193 1734 1290 1822 βουλη

551 1843 666 1921 δόξειεν
689 1844 710 1928 η
734 1841 911 1927 ἀσύμφορον
934 1847 974 1908 τὰ
1018 1844 1095 1927 ὑπὲρ
1132 1851 1186 1905 τοῦ
1232 1839 1291 1904 σὼ-

540 1956 591 2031 ,τη
614 1946 715 2010 πόλει
934 1968 1041 2031 ματος.

270 2164 438 2230 Nonnullis
461 2164 592 2230 fortasse
611 2166 768 2244 andeolus,
791 2186 884 2248 quam
900 2185 1030 2249 aequum
1048 2168 1121 2246 erat,
1145 2168 1202 2231 hoo
1219 2186 1291 2231 eon·

167 2268 306 2333 tendisse
328 2267 464 2333 videbor.
501 2267 657 2351 Aquibus
673 2271 754 2351 peto,
778 2270 813 2333 ut
830 2268 983 2352 judicium
1000 2289 1089 2334 suum
1112 2270 1290 2351 reprimant,

168 2370 241 2434 dum
279 2370 377 2435 altero
417 2370 517 2451 eapite
559 2390 621 2435 una
652 2390 773 2436 mecum
813 2373 845 2436 in
886 2373 1034 2438 rationem
1066 2372 1291 2455 inquisiverint,

167 2493 228 2556 qua
250 2472 363 2537 Pollux
393 2473 425 2536 in
457 2473 644 2538 onomastieo
677 2473 894 2538 conscribendo
927 2474 968 2536 sit
999 2491 1072 2537 usus
1096 2472 1145 2536 vel
1166 2473 1290 2537 abusus.

168 2577 261 2642 Nune
282 2576 314 2641 id
337 2578 459 2642 tantum
484 2576 590 2660 colligi
611 2576 708 2660 juvat.
755 2577 833 2640 Cum
860 2576 1128 2658 Atthidoonephus
1151 2577 1291 2638 thesmo-

166 2682 322 2745 tlnetenum
348 2699 493 2745 unacum
511 2680 793 2762 nomoplnyleeibue
810 2681 999 2742 mentionem
1022 2679 1132 2742 leoenit
1149 2683 1191 2759 et,
1217 2677 1290 2758 quid

168 2785 342 2849 intercedat
353 2787 606 2866 luteeutnumque
618 2786 844 2864 magistratum,
862 2784 1072 2859 annotauenlt3
1089 2800 1161 2846 oum
1178 2779 1291 2844 deinde

168 2891 303 2964 oonetet,
336 2888 583 2970 nomophylaoes
618 2889 661 2950 nei
695 2888 839 2969 publicae
862 2887 1095 2951 Atheniensium
1129 2904 1228 2967 usque
1251 2884 1290 2947 ad

169 2993 342 3052 extremum
368 2991 403 3053 ill
428 3008 515 3054 eaeo.
541 2990 742 3072 abrogandoe
766 3008 856 3069 eeee;
880 3009 951 3054 eum
976 2990 1109 3071 denique
1131 2990 1170 3053 ab
1194 2990 1292 3052 omnl-

169 3093 227 3157 bus
240 3091 274 3174 ¹),
307 3111 438 3174 quonum
468 3093 617 3174 judicium
650 3095 741 3170 velet,
774 3092 981 3170 oonoedatue,
1010 3096 1170 3156 auetonem
1200 3093 1290 3154 toxici

170 3195 435 3277 Cantabulqleneie
460 3197 680 3260 Philochorunu
713 3201 764 3260 aut
792 3214 885 3279 prave
911 3197 1102 3259 intellexisse
1126 3198 1177 3258 eut
1201 3196 1290 3257 nimis

272 3550 299 3619 1)
318 3551 446 3618 serengo,
475 3554 582 3618 quaest.
602 3551 761 3605 Philoohou
789 3549 865 3603 (nott.
889 3547 962 3602 1868.
979 3564 1004 3616 p.
1023 3551 1080 3603 5-
1092 3549 1133 3603 42.
1170 3549 1289 3614 (iubent,

167 3651 209 3704 gr.
228 3636 372 3691 Staatselt.
400 3636 431 3689 1².
460 3637 535 3690 1893.
563 3652 587 3703 p.
610 3636 665 3690 172.
689 3637 743 3689 177.
784 3634 892 3696 Busolt
919 3649 960 3701 gr.
989 3634 1094 3688 Staats·
1121 3649 1147 3688 u.
1175 3635 1291 3689 Rechts·

168 3723 465 3778 altertnumer.²1892.
493 3738 518 3791 p.
539 3723 596 3777 189.
632 3723 823 3776 Wilemowitz
848 3720 901 3775 1.1.
921 3721 952 3773 ll.
973 3722 1029 3775 192.
1057 3736 1120 3775 ann.
1138 3722 1162 3775 6.
1198 3721 1291 3776 Philo·

168 3811 272 3864 ohorus
290 3810 412 3863 fortasse
438 3809 659 3876 nomophylaees
677 3822 733 3861 non
752 3807 882 3861 omnibus
900 3821 1004 3861 novem
1022 3806 1213 3870 archontibuS,
1240 3806 1291 3860 sed

167 3910 221 3949 sex
239 3897 350 3950 tautum
368 3895 567 3950 thesmothetis
586 3894 725 3961 opposuit,
744 3894 792 3959 qui
809 3908 867 3947 una
885 3907 949 3946 oum
966 3892 1060 3946 soriba
1077 3906 1129 3945 suo
1148 3891 1192 3959 (ef.
1206 3892 1290 3946 Arist.

167 3980 208 4034 69,
230 3981 252 4044 7,
271 3979 312 4033 63.
332 3981 358 4045 1)
377 3994 526 4034 numerum
544 3980 658 4033 illorum
677 3979 717 4047 (7)
732 3979 803 4032 -si
820 3978 876 4032 lex.
897 3978 974 4032 Cant.
993 3978 1077 4031 fldem
1094 3977 1245 4031 tribuimus
1259 4008 1291 4016 —

167 4068 299 4133 aequant.
335 4066 417 4130 Quod
433 4065 458 4120 si
476 4067 518 4119 ita
535 4067 587 4129 est,
605 4065 709 4118 Pollux
727 4064 773 4118 hio
790 4065 865 4118 idem
882 4065 1019 4131 peooavit,
1047 4064 1122 4130 quod
1139 4064 1168 4116 in
1186 4063 1290 4126 veroin,

168 4166 241 4220 quae
268 4153 487 4220 subsequuntur,
514 4152 555 4203 καὶ
583 4157 651 4219 κοινῆ
678 4152 728 4214 μὲν
755 4149 857 4220 ἔχουσιν
889 4151 1009 4210 ἐξουσίαν
1036 4150 1161 4214 θανάτου,
1189 4149 1235 4199 ἐάν
1252 4165 1293 4206 τις

167 4237 251 4304 κατίῃ,
280 4238 339 4288 ὅποι
357 4238 395 4304 μὴ
414 4235 501 4298 ἔξεστι
520 4238 553 4291 of.
572 4235 1137 4304 1Ιοίοο-861161υοιιυ-Ιιίρείυε,11116106.
1166 4235 1185 4286 1.
1204 4248 1229 4301 p.
1247 4234 1289 4286 55.

167 4337 233 4376 eun.
252 4323 294 4376 86.
