2924 4928
715 333 777 399 102

183 538 334 603 contrario
371 538 477 602 noster
508 537 588 603 liber
618 537 837 619 interpretibus
870 538 1027 602 oratomm
1058 535 1309 617 comicommque

182 640 346 706 atticorum
367 640 489 723 egregie
511 639 638 720 proluit.
682 637 909 722 Cuiuscumque
933 639 1041 720 postea
1062 638 1212 703 intererat
1234 655 1309 720 cog·

182 761 315 822 noscere,
339 761 416 824 quae
432 741 547 805 fuerint
560 741 663 806 officia
678 741 870 818 archontum,
893 740 1121 822 apodectarum
1145 738 1309 803 undecim·

181 847 326 924 virorum,
358 844 551 928 logisticam,
584 844 798 927 euthynorum
832 843 870 908 od
903 862 980 924 quae
1012 844 1079 908 fora
1102 842 1224 906 diversa
1246 842 1309 905 cri·

181 950 300 1013 minum
331 965 445 1031 genera
475 947 578 1011 delata
609 948 682 1024 siut,
714 945 796 1010 huuc
827 946 970 1028 inprimis
995 946 1109 1010 librum
1133 944 1307 1017 evolvebat,

182 1052 221 1116 ad
243 1050 443 1115 Aristotelem
473 1068 505 1114 se
528 1050 725 1113 convertebat
747 1050 780 1114 et
800 1049 892 1114 huius
915 1047 1046 1113 scientia
1067 1047 1210 1111 lacunam
1231 1064 1309 1110 suae

183 1155 331 1220 scientiae
354 1154 475 1235 explere
497 1152 652 1217 studebat.
696 1152 747 1216 Sic
768 1152 799 1216 in
825 1151 1025 1217 fundamento
1049 1149 1216 1215 Aristotele
1239 1149 1306 1212 tota

182 1257 403 1339 antiquitat-um
421 1255 657 1319 Atheniensium
683 1254 822 1319 doctriua
844 1255 1000 1320 exstructa
1022 1255 1069 1317 est
1092 1253 1123 1316 et
1146 1269 1243 1332 usque
1268 1250 1308 1314 cd

182 1362 350 1424 extremam
381 1358 622 1442 Byzantinorum
653 1359 786 1422 aetatem
819 1357 908 1422 bonis
941 1355 1134 1422 Aristoteleis
1166 1353 1307 1418 homines

182 1462 269 1527 fruiti
301 1462 382 1527 sunt.
437 1460 488 1524 Ad
519 1479 596 1543 quae
621 1462 701 1526 bona
724 1460 913 1544 divulganda
937 1461 1044 1544 magni
1067 1457 1216 1524 momenti
1239 1475 1307 1522 esse

180 1567 281 1629 visum
304 1565 352 1628 est
374 1582 469 1628 unum
491 1564 610 1627 lexicon
631 1563 827 1639 rhetoricum,
857 1562 938 1645 quod
961 1561 1140 1627 Aristotelis
1162 1559 1307 1625 libellum

180 1669 211 1732 in
244 1667 383 1750 singulas
416 1668 518 1749 partes
550 1665 698 1732 dissecuit
729 1671 760 1731 et
791 1666 830 1731 ad
861 1685 951 1732 usum
984 1665 1174 1730 cotidianum
1201 1663 1303 1747 magis

181 1768 433 1846 accommodavit,
456 1768 516 1833 etsi
538 1769 632 1833 eiiam
655 1770 792 1852 posteros
815 1769 954 1835 homines
977 1768 1168 1851 Byzantinae
1192 1768 1305 1832 aetatis

180 1872 322 1937 libellum
344 1873 445 1953 ipsum
468 1873 580 1954 legisse
604 1891 662 1937 non
686 1871 862 1955 negandum
886 1871 980 1955 κί’).

529 2126 565 2209 q)
590 2128 748 2208 implesse
773 2124 957 2188 ἀδικίου.
1033 2180 1034 2183 ,

283 2295 331 2359 Ne
362 2294 522 2361 vilissimis
557 2294 681 2377 quidem
714 2295 855 2360 minutiis
888 2299 1023 2379 exceptis
1054 2316 1090 2362 ex
1124 2297 1183 2362 hoc
1214 2315 1306 2378 opere

180 2398 343 2463 scientiam
375 2418 463 2464 suam
493 2398 771 2481 locupletaverunt.
795 2399 947 2465 ¹Causam
972 2398 1093 2463 ἀδικίου
1117 2399 1305 2464 Aristoteles

179 2500 231 2566 54.
254 2502 275 2565 3
298 2504 519 2568 commemorat
549 2522 611 2568 una
643 2520 712 2567 cum
745 2503 845 2567 causis
872 2501 996 2587 κλοπῆς
1018 2505 1048 2567 et
1071 2500 1190 2585 δώρων,
1225 2521 1304 2584 quae

180 2624 285 2670 omnes
316 2607 379 2671 tres
410 2607 528 2672 ratione
560 2605 680 2671 reddita
709 2606 742 2670 in
764 2624 833 2670 reos
856 2606 1004 2672 constitui
1027 2605 1177 2670 solebant.
1221 2604 1306 2669 Nam

183 2710 340 2793 Hagnouis
362 2711 492 2792 rogatio,
517 2729 577 2791 qua
598 2710 649 2773 hic
671 2709 823 2773 Periclem
848 2710 950 2793 injus
973 2709 1096 2774 vocavit
1117 2707 1215 2790 (Plut.
1233 2707 1305 2772 Per.

179 2810 245 2894 32),
270 2812 377 2876 eodem
400 2810 505 2876 ordine
529 2812 583 2876 has
607 2829 715 2877 causas
739 2812 901 2878 enumerat
931 2813 995 2875 εἴτε
1019 2811 1221 2894 microcosmi
1244 2807 1304 2873 δὼ-

180 2934 240 2995 ρων
263 2913 317 2976 εἴτ’
342 2911 475 2975 ἀδικίου.
532 2913 694 2977 Postrema
718 2932 755 2977 ex
776 2912 825 2976 his
848 2931 945 2994 usque
968 2913 1006 2977 ad
1031 2912 1230 2978 Aristotelem
1254 2932 1304 2976 re-

180 3015 302 3096 pertum
326 3035 341 3078 e
364 3014 587 3097 lexicographis
611 3016 722 3096 solis²t
755 3017 842 3082 nobis
865 3018 989 3100 cognita
1011 3018 1088 3082 erat.
1133 3015 1224 3081 Nunc
1246 3034 1305 3100 ap·

179 3119 278 3201 paret,
301 3119 361 3196 cui,
384 3136 595 3200 quaecumque
620 3119 656 3183 de
680 3119 737 3182 hac
759 3137 853 3183 causa
875 3120 1000 3198 scimus,
1025 3118 1200 3186 debeamus.

222 3273 349 3337 erretur.
374 3275 430 3338 ee.
453 3274 485 3337 2.
566 3235 922 3356 mammaeam:
944 3276 1305 3358 consepultam

566 3360 781 3510 'exsssegfipffl'
794 3362 923 3511 &²⁹
963 3387 1001 3416 =
1027 3361 1074 3426 Et.
1097 3361 1139 3426 Μ.
1164 3362 1206 3446 l7.¹
1226 3362 1281 3427 47.

179 3598 217 3661 ἂν
239 3595 267 3660 δ’
288 3597 409 3662 ἀδικεῖν
438 3619 537 3661 κοιτα-
565 3601 630 3662 οίον
642 3599 846 3684 ἀδικήματος.
872 3602 922 3664 tc·
942 3602 1040 3686 ὄνομα
1084 3600 1178 3687 δίκης
1217 3605 1306 3666 κατὰ

178 3710 304 3784 γνῶσιν,
340 3700 459 3764 ἀδικίου
494 3723 537 3765 m-
565 3724 593 3766 τι
620 3703 656 3766 δὲ
687 3705 783 3785 ὄνομα
815 3702 920 3788 δίκης.
942 3712 1004 3768 τῶν
1048 3704 1191 3769 ὁπωσοῦν
1238 3705 1303 3768 eer-

178 3812 290 3886 μῶσιν,
309 3803 487 3868 ἀποτίνεται
503 3805 537 3867 δὲ
565 3805 747 3870 ἀποτίνυται
771 3806 805 3869 δὲ
832 3815 923 3868 τοῦτο
936 3807 1096 3888 pacturum.
1123 3817 1180 3894 τῆς
1203 3809 1237 3874 δὲ
1259 3809 1303 3873 δί·

176 4024 431 4035 —————-

284 4170 307 4239 l)
326 4175 516 4229 Wilamowitz
533 4176 550 4228 l.
570 4176 587 4228 l.
606 4176 625 4230 l.
646 4190 672 4243 p.
691 4174 750 4230 295.

280 4262 308 4327 2)
326 4260 714 4329 Meier-Schiimann-Lipsius
732 4263 788 4317 Att.
808 4264 887 4318 Proe.
906 4279 932 4334 p.
951 4265 1004 4319 426
1021 4280 1084 4319 anu.
1102 4265 1161 4319 662.
