2924 4928
762 362 783 427 2

210 571 265 632 καί
275 575 335 632 τῶν
344 574 513 651 γυναικῶν,
526 567 596 630 ὅσαι
607 565 748 651 μένουσιν
857 571 912 631 καί
934 577 995 631 τῶν
1017 578 1183 652 γυναικῶν,
1207 571 1278 632 ὅσαι
1294 571 1331 634 ἂν

210 671 244 735 ἐν
267 681 330 746 τοῖς
352 671 448 746 οἴκοις
470 677 532 733 τῶν
551 669 669 752 ἀνδρῶν
685 677 747 732 τῶν
793 669 1041 756 τελευτήσαντος
1050 671 1330 756 τοῦάνδρὸςσκήπ·

209 772 414 859 τεθνηκότων
432 772 612 855 φάσκουσαι
631 781 719 836 κυεῖν
736 793 744 808 ·
793 771 905 838 ’τωνται
928 783 1028 838 κυεῖν.

209 877 327 940 τούτων
358 875 570 960 ἐπιμελείσθω
611 877 666 938 καὶ
703 877 746 960 μὴ

210 979 293 1044 ἐάτω
307 977 437 1065 ὑβρίζειν
453 977 573 1067 μηδένα
592 981 661 1061 περὶ
677 978 746 1041 τού-

210 1103 301 1158 τους.
316 1083 371 1146 ἐάν
393 1080 427 1145 δέ
443 1102 488 1156 τις
510 1081 617 1168 ὑβρίζῃ
634 1083 655 1166 ἠ
672 1092 745 1166 ποιῇ

209 1206 239 1248 τι
253 1183 443 1269 παράνομον,
462 1183 565 1267 κύριος
581 1186 663 1248 ἔστω
679 1184 747 1248 ἐπι·
856 1186 912 1246 καί
937 1182 1040 1266 κύριός
1072 1183 1138 1245 ἐστι
1165 1192 1229 1259 τοῖς
1261 1184 1327 1247 ἀδι-

209 1287 338 1373 βάλλειν
360 1289 445 1350 κατά
467 1291 503 1351 τὸ
527 1286 637 1363 τέλος.
792 1298 900 1352 κοῠσιν
922 1285 1103 1374 ἐπιβάλλειν

210 1390 321 1455 ἐὰνδὲ
354 1389 493 1475 μείζονος
523 1393 637 1479 ζημίας
666 1394 744 1479 δοκῇ

210 1492 293 1572 ἄξιος
321 1495 420 1579 είναι,
453 1496 747 1582 προςκαλεσάμενος

209 1596 397 1682 πρόπεμπτα
431 1602 487 1662 καί
523 1599 644 1685 τίμημα
681 1601 746 1664 ἐπι·

208 1699 419 1786 γραψάμενος,
437 1703 492 1766 ὅτι
504 1704 543 1765 ἂν
556 1702 634 1786 δοκῇ
649 1704 747 1787 αὐτῷ,

210 1801 358 1887 είςαγέτω
411 1805 454 1880 είς
502 1807 560 1889 τήν
604 1805 741 1891 ἡλιαίαν.
854 1803 1031 1888 ῆείςάγειν
1053 1804 1095 1880 είς
1122 1805 1158 1865 τὸ
1181 1801 1332 1886 δικαστή-

210 1905 266 1969 ἐάν
288 1905 315 1969 δ’
339 1905 419 1991 ἁλῷ,
449 1907 568 1993 τιμάτω
591 1907 612 1993 ἡ
635 1907 746 1993 ἡλιαία
791 1931 866 1994 ριον.

210 2009 350 2092 περὶτοῦ
366 2009 507 2093 ἁλόντος,
532 2012 548 2074 ὅ
564 2034 593 2075 τι
610 2013 674 2097 χρὴ
691 2013 746 2075 αὐ·

210 2113 264 2174 τὸν
285 2113 404 2177 παθεῖν
426 2113 448 2197 ἢ
472 2113 648 2178 ἀποτεῖσαι.

312 2299 452 2381 Apparet
467 2301 667 2366 Aristotelem
682 2302 740 2366 hoc
755 2301 821 2367 loco
844 2301 931 2367 nohis
955 2299 1033 2364 nihil
1056 2300 1141 2365 aliud
1164 2299 1225 2363 nisi
1247 2317 1333 2363 sum-

210 2402 341 2467 marium
363 2402 454 2468 istius
476 2403 556 2487 legis
579 2404 732 2486 praebere.

312 2521 455 2588 Similem
487 2543 669 2589 consensum
700 2526 781 2588 inter·
803 2523 981 2588 Aristotelis
1007 2524 1147 2606 legisque
1170 2521 1264 2586 verba
1286 2522 1333 2585 vi·

210 2624 328 2704 demus,
351 2627 378 2691 si
401 2628 606 2710 quaestiones,
629 2646 740 2692 novem
755 2627 953 2692 archontibus
970 2631 1040 2692 ante
1056 2626 1190 2692 ineunda
1206 2644 1334 2690 munera

209 2729 241 2791 in
264 2732 373 2794 senatu
395 2731 521 2812 positas,
545 2729 653 2813 quales
676 2731 714 2795 ab
729 2730 897 2796 Aristotele
920 2732 1093 2809 tradantur,
1118 2747 1333 2811 comparamus

210 2833 375 2912 cumillis,
400 2852 476 2914 quas
500 2835 632 2898 oratores
656 2834 745 2899 attici
768 2835 992 2900 Demosthenes
1014 2835 1046 2898 et
1068 2833 1242 2897 Dinarchus
1265 2850 1332 2896 ora·

209 2935 345 3000 tionibus
377 2937 440 3001 suis
463 2938 668 3001 intexuerunt.
722 2938 769 3002 lbi
792 2957 808 3002 e
831 2937 982 3003 contrario
1005 2937 1187 3002 Aristoteles
1210 2937 1334 3000 contex-

209 3038 278 3102 tum
309 3037 430 3122 legibus
465 3039 690 3121 praescriptum
722 3040 919 3122 integriorem
950 3042 981 3105 et
1003 3041 1172 3122 pleniorem
1196 3056 1333 3103 servasse

209 3140 340 3220 videtur,
375 3142 509 3206 oratores
541 3143 625 3208 vario
649 3143 740 3209 modo
766 3142 803 3207 ad
828 3163 884 3208 sua
906 3144 1034 3226 quisque
1057 3142 1218 3208 commoda
1241 3140 1335 3205 verba

210 3246 486 3310 commutaverunt.

274 3456 367 3520 Arist.
385 3459 446 3550 55.
470 3458 503 3521 3.
633 3456 781 3522 Dinaroh.
799 3458 829 3522 2.
847 3457 877 3521 17
888 3455 923 3538 ¹).
976 3457 1142 3521 Demosth.
1156 3455 1208 3520 57.
1220 3455 1331 3537 67.sq.

210 3623 226 3688 I
248 3623 292 3699 τίς
316 3646 363 3688 σοι
386 3629 491 3710 πατὴρ
515 3629 570 3689 καί
596 3624 613 3689 Ι
635 3625 680 3702 τίς
703 3627 770 3689 ἐστι
801 3628 855 3689 τὸν
880 3625 956 3689 ἴδιον
974 3627 992 3709 ξ
1013 3626 1054 3689 67
1078 3624 1123 3702 τίς
1145 3628 1185 3711 ἡν
1209 3648 1256 3689 σοι
1275 3648 1334 3689 πα-

210 3726 310 3791 πόίεν
324 3737 386 3793 τῶν
397 3728 504 3813 δήμων
515 3731 569 3791 καί
597 3727 721 3811 sphiram
974 3729 1052 3814 τήρ;

214 3920 470 3928 ———-—-

314 4049 341 4111 ll
362 4051 521 4104 Dinarchus
539 4065 597 4104 non
615 4050 708 4104 solum
726 4047 857 4119 ἄρχοντας
872 4051 922 4103 sed
941 4064 1039 4104 omnes
1057 4049 1120 4108 τοὺς
1136 4055 1187 4101 τῶν
1206 4055 1294 4101 κοινῶν
1311 4068 1336 4101 τι

210 4134 356 4199 μέλλοντας
372 4136 473 4187 διοικεῖν
491 4136 662 4202 interrogari
680 4136 756 4189 iacit.
802 4136 840 4189 At
860 4151 923 4190 oum
942 4137 1123 4203 quaestiones
1146 4138 1262 4189 eaedem
1279 4137 1336 4190 fue-

210 4221 275 4283 rint,
293 4222 373 4276 locus
393 4223 428 4275 ad
447 4223 666 4288 comparandum
685 4223 778 4276 afferri
796 4225 897 4289 potest.
929 4223 1089 4290 Xenophon
1108 4223 1187 4275 Mem.
1209 4221 1241 4274 ll.
1262 4223 1286 4285 2,
1306 4224 1337 4276 13

211 4310 339 4373 quartam
358 4310 468 4362 tantum
486 4310 682 4375 quaestionem
699 4310 823 4376 respicit.
