2924 4928
685 296 729 362 79
817 286 820 291 ’

63 503 98 564 αὶ
120 503 180 565 καὶ
202 499 244 564 dt·
274 503 353 585 ίκαί
375 502 459 569 δίκαι
479 505 557 580 τινὲς
900 504 1183 588 λαγνάνονταιδθί
1212 506 1386 590 είςήγσνται
1448 520 1462 560 0*

65 602 246 678 κακώσεως
274 608 276 671 l
297 604 515 694 ἀπονέμοντα.
899 610 974 690 πρὸς
995 608 1090 671 αὐτὸν
1105 611 1182 699 καὶ,
1212 609 1245 672 ἐν
1268 611 1353 693 αὐτῷ
1387 608 1448 674 δίκ

63 727 111 790 σν,
146 707 244 791 ὀρφα-
275 702 276 707 ’
899 714 1019 794 γραφαὶ
1040 713 1095 773 καὶ
1117 704 1182 774 dt:
1211 711 1389 796 ἐπικλήρων
1415 734 1460 776 κα

876 862 878 914 l
900 835 959 888 κας
990 814 1032 887 εἰς
1058 815 1093 875 το
1116 772 1181 907 def
1211 814 1351 897 ὀρφανῶν
1416 837 1460 879 κα

900 916 1071 1000 καστήριον
1102 912 1181 991 εἰς-ζ
1212 916 1342 981 τοκέων.

598 1020 677 1093 ὅςτις
745 1019 856 1102 ἐπεμε-
901 1018 982 1101 άγει.
1179 1086 1181 1097 Ι

598 1121 684 1185 λεῖτο
708 1129 769 1183 τῶν
795 1142 856 1205 χη-
1179 1110 1182 1169 ί

598 1232 658 1308 ρῶν
696 1226 751 1287 καὶ
795 1232 856 1286 τῶν
1179 1180 1181 1299 ί

597 1327 738 1410 ὀρφανῶν
803 1329 858 1389 καί
1180 1323 1181 1347 ³

65 1435 242 1510 γυναικῶν.
272 1433 274 1471 ῑ
599 1427 705 1492 ἄλλων
732 1437 833 1493 τινῶν.

283 1754 318 1835 ο)
351 1756 380 1818 in
411 1756 518 1837 glossa
551 1753 839 1839 despoliastis
871 1754 1110 1838 ἀνάκρισις.

241 1938 384 2019 Leucon,
416 1920 496 2020 q'uod
529 1937 621 2021 vulgo
650 1936 904 2021 cantabrigiense
935 1944 1071 2017 vocatur,
1104 1958 1119 2003 e
1151 1938 1262 2020 glossis

137 2042 346 2124 compositum
368 2060 443 2120 esso,
468 2060 546 2124 quae
568 2041 759 2122 marginibus
784 2041 897 2106 codicis
914 2041 1168 2124 Harpocrationei
1183 2042 1262 2107 Can-

137 2144 337 2227 tabrigiousis
369 2144 408 2208 ab
439 2143 501 2208 alia
532 2163 625 2209 manu
662 2143 754 2225 atque
791 2162 845 2220 ea,
878 2163 955 2226 quae
986 2144 1261 2227 Harpocrationom

136 2246 308 2330 scripserit,
332 2244 455 2311 additae
479 2247 551 2325 sint,
584 2247 727 2312 omnibus
750 2249 859 2313 notum
883 2249 939 2312 est.
984 2247 1069 2312 Inter
1089 2249 1262 2326 fragmenta

136 2353 169 2415 in
193 2349 252 2415 hoc
274 2349 422 2432 opusculo
444 2350 566 2415 servata
587 2351 715 2415 maximi
738 2351 887 2415 momenti
912 2350 1036 2414 luerunt
1050 2350 1261 2428 Philochorus,

138 2451 380 2534 Theophrastea
403 2453 601 2518 Aristotelea.
655 2454 740 2519 Haec
772 2453 928 2537 postrema
950 2452 1073 2534 quidem
1096 2471 1176 2516 nunc
1198 2455 1261 2517 exi-

137 2556 349 2621 stimationem
373 2557 543 2621 amiserunt
564 2556 596 2621 et
618 2575 673 2621 uos
695 2557 818 2621 tautum
841 2555 977 2633 monent,
1016 2556 1164 2636 utquam
1188 2573 1260 2619 cau-

136 2658 259 2722 tissime
282 2658 392 2722 ceteris
414 2659 595 2741 fragmentis
618 2661 750 2737 utamur,
783 2677 855 2722 nam
879 2657 1078 2724 Aristotelem
1110 2659 1168 2723 etsi
1190 2678 1260 2740 sep·

136 2762 197 2824 tias
231 2757 347 2840 laudat,
381 2762 430 2826 vix
461 2781 522 2826 uno
553 2760 620 2826 loco
653 2760 805 2825 sincerum
837 2760 949 2839 reddit,
981 2761 1076 2826 immo
1099 2780 1171 2826 vero
1194 2764 1260 2827 tum

139 2864 295 2929 contrahit
314 2865 370 2948 (εἰς
385 2864 530 2950 δατητῶν
545 2866 662 2948 αἵρεσιν
679 2891 718 2920 --
736 2865 790 2929 Ar.
813 2864 866 2928 56.
888 2864 919 2942 6,
943 2864 1035 2949 κυρία
1057 2865 1078 2950 ἡ
1103 2865 1262 2950 ἐκκλησία

141 2994 179 3021 =
203 2968 258 3031 Ar.
283 2967 334 3032 43.
351 2966 429 3052 4s5)‚
453 2971 520 3034 tum
544 2969 638 3050 auget
661 2965 773 3048 (ξενίας
794 2967 900 3051 γραφή
918 2995 958 3023 --
974 2969 1029 3032 Ar.
1052 2967 1104 3031 59.
1127 2967 1159 3045 3,
1182 2970 1261 3032 θεσ-

139 3068 285 3153 μοθετῶν
308 3069 468 3154 ἀνάκρισις
490 3097 530 3126 :
553 3071 607 3133 Ar.
631 3069 683 3132 55.
706 3069 751 3148 3),
777 3072 846 3134 turn
869 3089 962 3151 prave
984 3070 1139 3153 intellegit
1162 3069 1260 3154 (λογι-

139 3173 212 3234 σταί
235 3174 291 3235 καί
312 3173 479 3258 συνήγοροι
502 3201 543 3228 =
566 3173 618 3238 Ar.
642 3171 693 3235 54.
718 3171 763 3254 2).
810 3171 896 3252 Quae
920 3171 1049 3251 addidit,
1073 3175 1176 3238 tamen
1200 3192 1258 3238 non

138 3294 175 3340 ea
198 3277 280 3359 sunt,
303 3280 339 3343 ut
361 3277 532 3342 doctrinam
554 3276 731 3358 posterioris
748 3275 860 3341 aetatis
875 3275 1043 3353 redoleant,
1066 3278 1097 3340 et
1111 3275 1259 3340 nonnulla

139 3379 178 3442 ab
211 3377 281 3444 aliis
313 3379 488 3445 auctoribus
521 3378 766 3460 comprobantur.
825 3376 912 3457 Quod
944 3377 1026 3440 cadit
1056 3379 1088 3441 in
1124 3379 1259 3459 glossam

137 3480 350 3565 θεσμοθετῶν
372 3481 530 3564 ἀνάκρισις
564 3499 634 3544 cum
658 3480 737 3544 Poll.
762 3478 847 3544 vill.
873 3480 914 3542 85
937 3480 1092 3544 collatam.
1136 3480 1259 3544 Titulus

137 3582 260 3666 glossae
294 3583 503 3667 θεσμοθετῶν
535 3583 694 3668 ἀνάκρισις
726 3583 757 3646 et
790 3581 882 3647 verba
919 3581 995 3665 ὑπὲρ
1027 3591 1084 3666 τῆς
1115 3580 1259 3664 πατρίδος

138 3680 220 3766 apud
251 3685 416 3766 utrumque
446 3684 601 3769 leguntur,
635 3684 717 3768 apud
739 3685 868 3750 Aristot.
895 3683 946 3746 55.
981 3683 1002 3745 3
1037 3681 1258 3750 desiderantur.

137 3786 184 3850 At
205 3804 277 3851 cum
298 3786 356 3850 lex.
380 3787 467 3853 Cant.
491 3786 617 3853 Polluce
649 3807 740 3852 usum
772 3806 837 3852 esse
869 3787 974 3869 glossa
1004 3788 1073 3869 ipsa
1094 3787 1258 3871 redarguat

137 3888 170 3953 ot
192 3888 354 3954 Pollucem
386 3891 509 3973 saepius
541 3892 656 3956 fontem
688 3910 777 3957 suum
801 3891 910 3955 alienis
933 3890 1151 3956 additamentis
1173 3891 1258 3955 locu-

136 3993 272 4073 pletasse
296 4011 391 4075 supra
412 3993 588 4073 viderimus,
618 4013 749 4071 summa,
784 3993 882 4073 credo,
905 3992 1088 4058 necessitate
1110 3993 1257 4076 cogimur,

137 4094 175 4158 ut
197 4094 272 4159 haec
296 4113 416 4178 quoque
434 4095 500 4178 jam
524 4097 556 4160 in
579 4095 677 4160 lexico
699 4096 754 4160 illo
777 4095 929 4162 rhetorico
953 4096 1010 4160 sub
1032 4096 1124 4160 titulo
1140 4096 1258 4181 θεσμο-

136 4197 243 4262 θετῶν
274 4187 435 4281 ἀνάκρισις
466 4198 630 4282 conjuncta
661 4198 754 4263 fuisse
787 4198 971 4277 statuamus
1003 4198 1082 4263 unde
1105 4219 1175 4264 cum
1197 4199 1257 4265 lex.
