2924 4928
709 322 751 386 34

166 524 422 606 Harpocrationei
453 525 584 590 formam
615 525 703 590 nobis
735 525 840 590 deesse
871 528 903 590 61
937 544 992 591 663
1029 527 1189 592 contentos
1226 545 1296 594 esse

167 628 306 708 oportere
337 627 488 709 excerptis
518 627 587 691 turn
616 627 805 710 plenioribus
838 629 905 694 tum
928 628 1128 694 brevioribus.
1173 628 1299 694 (16661-

167 749 242 794 nnm
264 747 335 796 vero
358 730 636 812 Harpocrationem
659 751 827 813 numquam
858 732 1041 811 videbimus,
1075 736 1217 814 quamam
1243 753 1297 797 au-

166 838 229 897 tem
251 834 507 916 Harpocrationis
524 836 739 897 recensionem
760 835 927 916 aliquando
950 840 983 898 ut
1006 834 1200 916 indagemus,
1226 835 1296 900 fleri

167 940 286 1018 potest.
325 934 410 1014 Quae
431 955 501 1017 spes
517 936 583 1000 ueri
599 935 829 1005 similionfacta
851 938 907 1014 est,
932 956 967 1000 ex
983 956 1042 1018 666
1065 939 1205 1018 tempere
1229 937 1296 1002 hu·

167 1038 249 1102 stula
280 1037 444 1102 chartacea
467 1059 482 1102 e
506 1038 716 1120 sepulcrorum
738 1039 1001 1122 Aegyptiacorum
1023 1039 1158 1103 tenebris
1180 1038 1296 1103 effossa

165 1140 274 1204 multis
296 1141 383 1205 nevis
405 1140 497 1204 rebus
520 1140 623 1205 studia
646 1140 841 1222 antiquitatis
864 1142 1081 1206 excitaverunt.
1127 1141 1203 1206 Tale
1226 1141 1296 1206 fru-

166 1243 284 1307 stulum
315 1244 346 1306 in
379 1261 485 1307 museo
517 1244 699 1327 aegyptiaco
721 1245 914 1309 Beroliuensi
946 1247 1102 1309 servatum
1135 1245 1167 1309 et
1197 1264 1217 1308 a
1243 1245 1292 1308 l’r.

166 1345 327 1426 Blassio¹)
356 1346 422 1430 jam
456 1347 495 1408 15
519 1346 589 1410 ante
622 1365 717 1411 annos
739 1346 857 1411 editum
881 1366 914 1411 re
937 1366 1010 1411 vera
1033 1364 1087 1411 nos
1111 1346 1217 1412 docuit
1240 1347 1295 1410 aut

166 1449 440 1532 Harpocrationem
464 1449 566 1529 ipsum
590 1449 688 1513 166163
711 1468 783 1514 3663
807 1449 900 1514 nimis
915 1449 947 1512 in
963 1451 1064 1514 artum
1090 1449 1294 1525 contraxisse,

166 1553 220 1616 aut
250 1552 364 1617 librum
398 1554 503 1636 istum,
536 1572 627 1635 quern
649 1553 904 1634 Harpocrationis
930 1571 997 1618 esse
1022 1552 1122 1617 dicere
1145 1553 1293 1630 solemus,

164 1655 340 1735 temporum
371 1655 536 1737 iniquitate
568 1655 660 1719 nimis
691 1655 861 1719 laceratum
893 1655 931 1718 ed
955 1674 1010 1720 uos
1037 1656 1221 1737 pervenisse.
1268 1660 1293 1722 ll

165 1759 320 1822 senonim
344 1759 455 1837 glossis
480 1757 697 1822 Demosthenis
720 1757 866 1822 erationis
890 1756 1126 1834 Aristocrateae,
1158 1761 1293 1841 quaein

164 1858 222 1923 hoc
237 1859 411 1938 fragmento
428 1860 595 1942 inscriptae
613 1862 696 1937 sunt,
718 1862 781 1924 tres
797 1860 929 1942 legimus
947 1880 996 1941 ap.
1012 1861 1294 1942 Harpocratienem

165 1980 191 2024 3.
213 1981 242 2024 v.
266 1959 374 2045 μόραν,
400 1960 480 2043 ὁδός,
506 1962 522 2024 ὁ
546 1962 694 2026 κάτωθεν
717 1961 818 2047 νόμος.
860 1962 920 2027 Sed
942 1963 1063 2046 glossae
1081 1963 1292 2048 Aegyptiacae

165 2062 265 2126 multo
297 2066 368 2128 sunt
399 2064 563 2145 pleniores,
595 2083 686 2146 quam
718 2065 801 2140 illae,
834 2084 908 2146 quas
941 2065 1013 2129 libri
1035 2066 1292 2148 Harpocrationei

165 2164 253 2229 nobis
286 2167 443 2246 praebent.
498 2166 617 2246 Quibus
648 2167 724 2232 locis
755 2169 941 2249 comparatis
973 2168 1101 2250 apparet
1131 2169 1292 2234 multaab

164 2264 406 2350 Harpocratione
428 2271 496 2350 ipso
518 2271 572 2332 eut
594 2268 728 2332 librariis
751 2269 817 2351 ejus
840 2271 954 2335 omissa
977 2289 1043 2334 esse
1078 2289 1175 2352 neque
1198 2270 1293 2336 verba

166 2371 349 2452 scriptorum
377 2373 525 2448 veterum,
558 2370 596 2434 ab
619 2371 862 2454 Harpocratiene
896 2373 934 2435 ad
965 2372 1091 2436 verbum
1125 2374 1290 2455 exscripta,

164 2474 251 2539 velut
288 2473 467 2539 Aristotelis
513 2473 550 2536 de
594 2473 752 2555 republica
789 2474 1120 2554 Lacedaemoniorum,
1164 2475 1292 2561 Didymi

165 2576 367 2656 Chalcenteri,
397 2576 521 2660 integra
552 2577 712 2642 mansisse.
767 2575 852 2655 Quae
874 2597 923 2642 res
953 2597 1021 2643 curu
1044 2579 1090 2642 ita
1112 2597 1144 2643 se
1166 2577 1290 2652 habeat,

165 2680 439 2745 Wilamowitaium
469 2681 598 2762 probare
629 2699 688 2744 non
720 2699 855 2760 possum,
888 2681 1041 2763 epitomen
1068 2679 1291 2762 Harpocratio-

165 2803 254 2848 neam
277 2786 400 2849 tantum
426 2783 633 2858 adhibentem,
665 2782 853 2864 plenioribus
877 2784 1107 2848 recursionibus
1129 2784 1291 2866 neglectis,

166 2886 254 2967 quasi
276 2885 332 2949 illa
355 2885 421 2950 sola
442 2904 623 2964 germanum
646 2885 923 2966 Harpocratiouem
946 2885 1065 2964 reddat,
1096 2885 1155 2949 hue
1178 2884 1291 2967 depra-

166 2992 283 3052 vatum.
329 2988 362 3051 ln
388 2987 480 3052 dubio
503 2988 599 3069 igitur
621 2987 859 3069 relinquendum
881 2989 938 3066 est,
961 3007 1039 3070 quae
1061 2989 1196 3070 genuina
1217 3007 1291 3052 auc·

165 3091 242 3155 teris
265 3091 359 3154 uerba
380 3092 411 3155 in
435 3091 540 3154 nostra
562 3090 666 3173 glossa
687 3090 814 3156 fuerint.

269 3193 367 3272 Quam
393 3193 431 3257 ob
454 3211 519 3256 rom
542 3193 619 3257 alios
641 3192 873 3276 lexicographes
896 3195 928 3257 et
950 3194 1133 3258 scholiastes
1148 3211 1291 3276 perscru-

165 3296 276 3359 temur.
322 3295 450 3360 Glossae
473 3297 530 3360 lex.
554 3297 643 3360 Deru.
667 3297 768 3360 Patm.
793 3316 823 3378 p.
849 3296 910 3359 142
935 3300 952 3379 §
980 3298 1050 3376 110,
1075 3297 1134 3361 lex.
1158 3295 1227 3378 Seg.
1251 3295 1289 3360 V.

166 3397 240 3462 245.
264 3398 293 3472 6,
318 3399 409 3462 Phot.
432 3418 455 3462 s.
480 3419 508 3463 v.
533 3399 664 3480 611066,
691 3399 775 3463 Suid.
799 3418 822 3462 3.
848 3419 876 3464 v.
901 3399 1034 3484 610166,
1063 3399 1174 3481 661163
1198 3397 1292 3462 eliam

164 3500 299 3566 Michael
322 3501 480 3580 Psellus²)
507 3501 544 3566 de
567 3502 723 3565 actionum
747 3503 920 3567 nominibus
944 3521 1008 3584 cap.
1033 3503 1052 3564 5
1076 3500 1289 3584 adjungendus

165 3604 223 3685 est,
247 3603 286 3667 ad
308 3604 435 3668 eandem
459 3604 590 3668 formem
613 3603 752 3680 redeunt,
776 3624 854 3687 quae
877 3605 951 3668 haec
973 3604 1036 3668 iere
1059 3604 1134 3669 fuit:
1167 3603 1289 3688 εὐθὺνη

165 3703 277 3788 κυρίως
307 3707 348 3790 ἣν
379 3707 551 3790 εἰςάγουσιν
573 3706 602 3770 οἱ
633 3706 778 3791 λογισταὶ
808 3710 883 3790 πρὸς
907 3709 977 3782 τοὺς
1000 3705 1148 3784 δόξαντας
1172 3708 1216 3790 μή
1239 3707 1289 3788 ὀρ-

168 3909 425 3919 a*—

270 4063 295 4127 1)
314 4063 440 4115 Hermes.
459 4061 544 4114 XVIl.
567 4063 683 4131 18816,
705 4064 754 4117 148
772 4078 812 4130 36.

261 4163 496 4301 721Ρ6166166166
517 4180 636 4231 graecae
663 4181 763 4221 cursus
791 4168 947 4234 completus
968 4169 1009 4223 ed.
1039 4169 1140 4236 Migne.
1178 4170 1207 4221 Τ.
1227 4168 1288 4223 122.

163 4265 190 4317 p.
209 4250 259 4303 100
298 4263 338 4315 36.
