2924 4928
779 320 819 384 10

236 523 424 589 Aristotelea
455 523 635 605 intellegere
666 541 841 605 possumus,
876 523 957 606 quod
983 523 1200 606 gravissimum
1222 524 1377 589 nostrum

236 627 374 693 officium
397 645 464 691 esse
488 626 588 691 debet.

339 730 429 796 Nunc
451 730 540 794 illum
564 730 666 794 locum
700 729 954 812 contemplemur,
986 747 1077 811 quem
1108 729 1147 792 ad
1179 729 1298 793 fontem
1332 747 1375 793 ex

236 833 403 900 Aristotele
427 852 486 898 non
509 832 694 915 pendentem
715 832 925 897 Wilemowitz
947 832 1052 908 refert,
1083 831 1163 896 unde
1185 832 1217 896 et
1237 831 1373 896 Aristo·
1440 906 1443 911 ¹

235 938 327 1001 telem
360 937 391 1001 et
418 936 468 1000 llt.
493 937 534 1000 ll.
569 954 625 1000 sua
656 954 807 1017 quemquo
838 935 977 1000 hausisse
1010 934 1071 998 sibi
1102 933 1273 1018 persuasit:
1311 933 1371 999 Et.

237 1040 340 1122 Magn.
372 1038 511 1104 369.15.
558 1038 652 1103 Cuius
686 1039 803 1103 fontem
835 1040 1007 1121 proximum
1031 1039 1148 1103 lexicon
1180 1037 1260 1102 illud
1292 1036 1373 1100 rhe-

235 1143 367 1206 toricum
389 1142 492 1218 fuisse,
525 1141 606 1223 quod
628 1141 807 1206 mutilatum
830 1142 1066 1224 exemptumque
1089 1141 1121 1205 in
1154 1139 1220 1205 cod.
1243 1139 1371 1222 Segne-

235 1244 320 1308 riano
337 1246 469 1308 exstaret
483 1245 515 1308 ot
530 1244 568 1308 ab
584 1245 675 1309 Imm.
691 1243 829 1309 Beklrero
840 1244 871 1308 in
889 1243 1046 1308 anecdotis
1061 1242 1179 1326 graecis
1194 1242 1218 1305 I.
1239 1241 1300 1303 195
1317 1259 1370 1323 sq.

235 1350 354 1414 editum
376 1349 468 1424 esset,
500 1353 665 1412 asseverat.
718 1346 818 1426 Quom
849 1347 1035 1411 sententiam
1058 1365 1155 1428 neque
1178 1345 1370 1428 impugnare

236 1469 333 1533 neque
357 1450 484 1532 probaro
508 1449 616 1529 audeo,
640 1467 738 1530 nequo
761 1467 946 1531 quemquem
970 1448 1059 1513 credo
1082 1467 1100 1511 a
1122 1467 1171 1511 me
1187 1445 1370 1528 postulatu-

234 1572 302 1617 rum
327 1571 402 1631 esse,
426 1552 462 1616 ut
484 1551 523 1616 ad
545 1551 625 1616 hano
648 1551 857 1634 quaestionem
881 1550 1109 1617 dissolvendam
1131 1551 1230 1616 totum
1250 1568 1369 1631 corpus

234 1655 485 1740 lltymologicum
517 1655 697 1736 disquiram,
735 1655 833 1719 sentes
866 1655 1019 1736 proximos
1046 1657 1078 1720 et
1100 1655 1234 1719 remotes
1255 1653 1369 1736 sejun-

235 1778 326 1842 gam,
357 1778 448 1822 suum
479 1760 589 1840 cuique
621 1758 759 1822 reddam.
816 1757 872 1823 Cui
905 1757 1009 1824 studio
1044 1757 1207 1838 pertricato
1229 1774 1279 1820 me
1302 1774 1368 1820 non

235 1881 339 1944 parem
364 1881 430 1926 esse
453 1862 589 1926 sincerus
613 1861 758 1927 confiteor
780 1862 819 1939 et,
854 1864 1039 1944 quicumque
1062 1862 1093 1924 in
1117 1861 1166 1924 his
1189 1861 1279 1924 rebus
1307 1857 1368 1924 de-

236 1963 366 2042 sudavit,
399 1983 459 2028 non
482 1965 614 2048 ignorat,
646 1984 756 2046 parum
788 1964 888 2030 adhuc
910 1966 987 2029 certi
1010 1964 1205 2029 enucleatum
1227 1981 1295 2027 esse
1316 1964 1369 2027 vi-

236 2087 343 2150 resque
367 2069 471 2134 doctos
495 2071 526 2133 et
547 2070 657 2133 horum
678 2088 781 2134 rerum
803 2069 1008 2151 peritissimos
1028 2068 1187 2144 fluctuare,
1210 2067 1366 2150 quantum

235 2171 357 2250 Photio,
381 2173 531 2253 quantum
547 2173 748 2256 Diogeniano,
772 2173 922 2255 quantum
944 2173 1050 2237 lexicis
1067 2172 1238 2246 rhetoricis,
1261 2189 1364 2252 quan-

235 2276 302 2338 tum
328 2273 398 2338 eliis
420 2275 569 2339 tribuent.
624 2274 724 2355 Quam
757 2275 983 2341 dubitationem
1005 2274 1214 2341 Wentzelium
1227 2275 1252 2353 ¹)
1275 2273 1364 2338 volu·

237 2377 347 2440 minel
371 2378 505 2460 corporis
528 2378 814 2462 lexicographorum
839 2398 1018 2461 graecorum
1037 2377 1154 2443 edendo
1171 2396 1240 2442 mox
1255 2376 1364 2441 subla-

236 2481 340 2542 turum
365 2498 431 2544 esse
454 2499 576 2561 sperare
600 2481 685 2545 lieet.
731 2481 790 2546 Sed
822 2482 1003 2564 priusquam
1028 2480 1122 2545 fidem
1144 2479 1307 2544 exsolverit
1328 2480 1364 2542 ct

235 2582 354 2664 copiam
388 2584 561 2666 glossarum
593 2584 776 2667 dispositam
807 2584 989 2667 singulaque
1020 2584 1053 2647 in
1075 2602 1188 2667 genera
1211 2581 1363 2646 distribu-

236 2688 301 2749 tum
332 2687 506 2767 protulerit,
538 2689 768 2752 commentariis
800 2689 864 2752 suis
890 2687 990 2769 plenis
1013 2685 1127 2751 additis
1151 2684 1361 2768 argumentis-

236 2806 294 2869 que
332 2788 498 2854 luculentis
530 2790 677 2872 adjectis,
722 2791 843 2873 legibus
881 2792 956 2856 satis
992 2789 1090 2854 firmis
1127 2790 1158 2853 et
1197 2787 1363 2853 stabilibus

235 2891 405 2973 egebimus.

339 2993 500 3058 Praeterea
522 2995 761 3062 tundamentum
784 2999 896 3079 ipsum,
929 3017 988 3079 quo
1015 2996 1083 3078 quis
1106 2996 1192 3060 nisus
1215 3011 1362 3077 prospero

235 3097 347 3161 eventu
369 3097 451 3162 hunc
473 3098 588 3162 librum
609 3099 640 3162 in
664 3119 754 3164 usum
779 3119 868 3165 suum
892 3100 1058 3177 convertet,
1082 3098 1216 3162 maxime
1231 3096 1362 3160 dubium

236 3201 293 3265 est.
324 3200 405 3264 Nem
422 3219 491 3265 eum
508 3202 681 3285 glossarum
694 3204 883 3284 thesaurum,
899 3223 990 3286 quem
1006 3201 1256 3286 Etymologicum
1269 3199 1361 3282 Mag·

234 3321 308 3367 num
325 3305 483 3367 nominare
499 3312 698 3383 assuevimus
725 3306 763 3371 ab
780 3306 895 3372 editore
910 3308 1049 3388 principe
1064 3304 1218 3388 Celliergo
1235 3322 1251 3368 e
1266 3303 1360 3368 uariis

235 3404 340 3471 lexicis
352 3408 569 3489 manuscriptis
584 3427 638 3473 suo
657 3409 783 3475 arbitrio
796 3410 1004 3492 conscriptum
1019 3429 1095 3487 esse,
1112 3407 1321 3474 Reitzenstein
1333 3407 1360 3489 ²)

235 3510 378 3574 omnibus
401 3510 475 3575 viris
499 3511 607 3589 doctis,
631 3514 780 3593 quantum
803 3513 876 3591 seio,
900 3513 1061 3594 persuasit.
1097 3509 1186 3590 Quod
1201 3510 1304 3574 utrum
1323 3528 1360 3573 ex

235 3613 368 3696 Etymol.
393 3612 541 3691 Genuino,
575 3613 657 3695 qnod
679 3614 802 3693 dicitnr,
832 3615 863 3679 et
894 3614 1032 3697 Etymol.
1056 3613 1198 3678 Gudiano
1230 3611 1358 3694 conglu-

235 3716 380 3794 tinatum,
403 3735 442 3781 en
462 3716 972 3783 excrementorumque
995 3717 1144 3800 appositis
1167 3714 1360 3781 contractum

236 3818 286 3898 sit,
318 3818 418 3884 adhuc
451 3819 507 3883 sub
535 3818 692 3903 judicibus
723 3820 831 3885 herum
863 3840 965 3886 rerum
996 3819 1192 3902 peritissimis
1215 3818 1360 3884 Reitzen-

234 4025 491 4035 ————-—-—

341 4161 368 4229 1)
386 4161 577 4229 scozungseor.
598 4162 648 4216 eor
663 4160 737 4216 serr.
756 4161 839 4217 noae.
861 4163 927 4217 reos
944 4147 970 4231 p.
988 4161 1048 4216 rer.

337 4266 366 4330 2)
384 4264 523 4332 Philolog.
545 4266 588 4320 48.
607 4280 632 4334 p.
651 4266 711 4320 450.
