2924 4928
712 386 753 449 42

170 591 292 656 iunctos
324 590 528 673 probatosque
560 592 592 654 in
616 593 813 674 Areopagum
843 591 939 655 lectos
966 608 1031 654 esse
1043 588 1077 672 ¹).
1122 589 1296 671 Utrumque

170 713 206 756 ex
233 692 405 758 oratoribus
431 692 586 776 graccis²t
610 693 698 758 nobis
717 692 901 776 jamdudum
933 693 1040 756 notum
1064 692 1140 755 erat.
1186 691 1294 773 Neque

169 796 226 860 hoo
249 814 346 878 noque
368 795 447 859 illud
471 797 648 861 Aristotelis
671 797 828 875 hocloco,
851 797 906 861 ubi
928 794 1029 860 officia
1052 794 1295 876 magistratuum

169 898 363 980 singulorum
396 897 605 980 descripturus
640 900 725 974 erat,
758 899 916 965 intererat.
982 896 1091 962 Altero
1123 915 1195 961 vero
1226 897 1295 961 loco

169 1020 235 1083 cap.
260 999 312 1064 57.
335 1001 364 1076 4,
396 1001 451 1064 ubi
482 1001 599 1083 patrios
629 1003 827 1084 vetustasque
855 1000 1018 1086 judicandi
1040 1018 1141 1064 mores
1160 992 1306 1083 judioioss

168 1122 297 1185 rumque
327 1122 438 1185 genera
469 1123 610 1169 enarrare
642 1105 755 1182 studet,
789 1124 860 1169 ere
887 1105 954 1169 erat
977 1123 1013 1169 ne
1037 1104 1146 1168 harum
1170 1102 1295 1184 quidem

169 1206 404 1289 quisquiliarum
427 1206 585 1271 oblivisci:
609 1208 787 1272 archontem
809 1226 914 1290 rogem
933 1206 1126 1288 Judicantem
1149 1224 1294 1271 coronam

168 1311 319 1392 myrteam
344 1309 531 1391 deposuisse.
573 1309 681 1390 Neque
704 1309 784 1388 inde,
810 1308 890 1390 quod
913 1309 968 1373 alii
991 1309 1155 1391 scriptores
1178 1309 1295 1391 graeci,

168 1413 199 1475 in
215 1411 323 1493 primis
339 1410 450 1475 Pollux
475 1411 563 1475 Vlll.
587 1411 639 1487 86,
665 1413 742 1476 hanc
764 1411 907 1475 lacunam
924 1411 1146 1475 Aristoteleam
1169 1411 1295 1496 supple·

167 1514 290 1592 verunt,
322 1516 439 1578 iontem
473 1513 642 1580 Aristotele
674 1515 705 1579 et
736 1514 909 1578 uberiorem
942 1514 972 1578 et
1003 1514 1207 1596 antiquiorem
1239 1533 1294 1579 nos

63 1619 69 1634 ‘
168 1617 325 1698 aperturos
348 1634 415 1679 essa
438 1617 553 1698 sperari
575 1616 658 1681 licet.
715 1615 794 1680 Nam
819 1615 895 1679 milri
918 1615 1042 1697 quidam
1066 1636 1198 1683 resnou
1221 1635 1295 1681 con·

166 1719 303 1783 traversa
335 1736 402 1782 esse
435 1717 568 1797 videtur,
605 1718 765 1783 Pollucem
796 1716 884 1783 VIII.
917 1717 960 1780 86
991 1719 1022 1782 et
1052 1717 1140 1782 VIII.
1171 1718 1214 1782 94
1247 1718 1294 1782 di·

167 1822 255 1885 vulsa
286 1819 498 1902 disjunctaque
529 1821 675 1903 praebere
704 1820 798 1886 verba
828 1820 1052 1899 Philorhoma,
1090 1840 1167 1903 quae
1199 1821 1292 1886 Phot.

167 1943 191 1988 s.
215 1944 244 1987 ν.
267 1922 296 1986 οἱ
318 1922 535 2007 νομοφύλακες
558 1924 589 1988 et
611 1924 669 1988 lex.
686 1922 774 1988 Cant.
795 1942 817 1986 s.
835 1941 864 1988 ν.
888 1922 1105 2008 νομοφύλακες
1127 1924 1295 2007 integriora

167 2026 590 2109 dfflmwmm.

168 2199 245 2261 Poll.
278 2199 351 2261 Vlll.
387 2200 440 2261 86.
486 2195 526 2278 (οἰ
552 2200 643 2263 Phot.
670 2218 696 2261 a.
720 2217 747 2262 ν.
776 2196 812 2259 οἱ
844 2217 909 2260 νο-
935 2199 1010 2263 [ax.
1045 2197 1194 2264 Cantabr.
1227 2218 1295 2261 νο-

167 2297 254 2362 coca
290 2302 440 2384 ἄρχοντες
473 2300 801 2384 ονλμοφύλοικες
848 2299 908 2362 τί·
935 2301 1184 2385 μοφύλοικες
1227 2301 1295 2365 ἕτε-

166 2402 377 2487 θεομοθέτοκ,
395 2421 454 2484 quo
470 2421 524 2466 no·
549 2423 634 2479 νες·
660 2401 746 2480 ἔδοξέ
762 2425 822 2466 ποι
839 2405 908 2477 τοὺς
932 2403 978 2487 ροί
1009 2406 1067 2467 ator
1090 2413 1152 2469 τῶν
1175 2405 1295 2491 θεσμο-

166 2507 248 2571 mine
271 2525 380 2571 novem
399 2505 525 2570 archon·
549 2507 660 2582 αὐτοὺς
682 2506 837 2582 εἶναιτοῖς
852 2506 907 2569 ta·
932 2507 1047 2590 θετῶν,
1081 2507 1122 2582 ὡς
1154 2506 1295 2592 Φιλὸχο·

165 2610 212 2673 tes
227 2610 525 2692 saepissimepostca
549 2608 733 2694 ομοθὲποκς,
760 2607 832 2672 ἀλλ’
849 2611 908 2673 οὐκ
931 2631 981 2694 ρος
1004 2610 1036 2673 ἐν
1058 2620 1098 2695 τῇ
1123 2609 1161 2688 ζ’.
1187 2609 1215 2673 οἱ
1239 2611 1296 2695 μέν

166 2713 337 2794 appellatos
364 2731 429 2777 esse
452 2731 525 2776 con·
548 2714 634 2777 ἔστιν
656 2715 753 2790 οὕτως
775 2736 781 2750 ·
801 2713 829 2777 οἱ
854 2713 991 2799 μὲνγὰρ
1036 2715 1187 2798 ἄρχοντες
1224 2713 1293 2777 ἀνέ-

166 2816 240 2896 stat)
277 2814 404 2898 μυρρίνῃ
439 2815 525 2878 ἐστε·
547 2817 608 2898 γὰρ
619 2815 909 2900 θεομοθέτοκκατολ
931 2815 1035 2902 βαινον
1082 2818 1123 2892 εἰς
1167 2813 1296 2898 Ἀρειον

166 2915 317 2998 φάνωντο.
548 2920 588 2980 τὰ
603 2918 717 3002 πάτριοι
733 2920 909 3003 ἐστεφανω-
931 2920 1032 3003 πάγον
1077 2917 1294 3003 ἐστεφανωμέ-

551 3019 634 3106 μένοι
652 3021 702 3084 ἐπὶ
718 3023 908 3107 τὸνἈρειον
931 3044 975 3087 νοι
1001 3044 1008 3058 ·
1044 3021 1071 3084 οἰ
1103 3022 1136 3084 δὲ
1159 3021 1294 3105 νομοφύ-

210 3108 289 3171 ΡΟΙΙ·
315 3108 390 3171 vm·
417 3110 475 3171 94·
549 3124 651 3208 πάγον
674 3124 853 3211 ἀνέβαινον
880 3127 908 3191 οἱ
931 3127 1029 3202 λακες
1045 3123 1175 3208 οτρόριοι
1192 3123 1295 3186 λευκὰ

165 3226 380 3311 νομοφύλακες
393 3225 525 3309 caepa-
548 3228 582 3291 δὲ
592 3228 809 3313 νομοφύλακες
819 3251 907 3314 στρο-
932 3231 1060 3315 ἔχοντες
1091 3226 1201 3291 καὶέν
1224 3236 1294 3302 ταῖς

166 3351 277 3394 νωνποιι
308 3332 363 3415 μὲν
392 3327 525 3412 στρορίῳ
549 3330 626 3414 <prag
648 3330 774 3407 λευκοῖς
793 3332 908 3416 ἐχρῶν-
932 3331 1022 3407 θέαις
1065 3329 1202 3395 ἐναντίον
1240 3331 1292 3413 ἀρ·

165 3432 283 3516 λευκῷ,
309 3435 368 3518 τὴν
390 3432 423 3495 δὲ
446 3453 525 3516 πομ-
548 3456 613 3497 πο·
661 3437 716 3497 καὶ
760 3434 794 3498 έν
841 3444 909 3510 ταῖς
931 3433 1053 3519 χόντων
1097 3431 1293 3510 ἐκαθέζοντο

165 3534 524 3620 πὴνπέμπουσιπῇθεῷ,
549 3535 640 3612 θέαις
684 3537 735 3600 ἐπὶ
789 3537 909 3620 θρόνων
932 3536 1292 3621 καὶτὴνπομπὴνέπεμ-

165 3648 229 3714 τοῖς
256 3638 290 3701 δὲ
312 3637 469 3723 προέδροις
492 3637 525 3701 ἐν
548 3639 908 3725 έκοὶθηντοκοιτοινπκρὺ
931 3661 989 3703 πον
1004 3648 1043 3723 τῇ
1060 3637 1222 3703 Παλλάδι·
1237 3639 1293 3712 τὰς

165 3740 352 3827 ἐκκλησίαις
368 3740 524 3825 συγκαλέ·
548 3749 610 3806 τῶν
632 3741 721 3806 ἐννέα
749 3741 909 3827 ἀρχόντων
932 3742 965 3805 δὲ
988 3742 1089 3825 ἀρχὰς
1111 3739 1293 3828 ἠνάγκαζον

165 3931 423 3940 »-—.—-—-

269 4045 297 4115 1)
315 4046 375 4100 Hoc
393 4046 509 4100 Aristot.
528 4045 569 4101 60.
588 4049 604 4099 3
631 4046 782 4101 occasione
809 4047 905 4101 oblata
933 4048 967 4101 de
994 4047 1132 4102 archonte
1150 4059 1291 4114 aponymo

165 4133 406 4195 commemoravit,
434 4132 484 4186 sed
511 4132 546 4185 ad
573 4132 658 4187 aliam
684 4145 745 4186 rem
773 4132 969 4199 explicandam
989 4130 1092 4187 attulit.
1129 4132 1213 4186 Arist.
1232 4131 1292 4185 3.6

164 4219 259 4273 autem
281 4220 315 4272 dc
333 4218 508 4284 temporibus
526 4218 731 4273 vetustissimis
750 4219 818 4286 agit.

268 4304 294 4371 2)
312 4304 377 4372 bys,
396 4305 438 4358 26.
456 4303 490 4368 83
512 4301 609 4372 [Dum]
627 4305 669 4366 26,
688 4306 721 4369 53
743 4301 840 4373 [Deml
858 4303 900 4358 58.
918 4304 960 4356 27.
