2924 4928
712 330 753 394 12

164 535 413 601 observationem
437 536 628 601 verissimam
645 555 721 601 esse.
757 536 874 618 ltaque,
894 553 1081 617 quamquem
1096 533 1230 599 manime
1245 553 1303 600 me

165 638 263 717 delet,
295 639 483 722 Beysenium
506 639 633 704 crimine
656 638 868 721 neglegentiae
892 637 1051 703 absolvere
1074 656 1133 702 non
1157 655 1301 719 pessum.

169 741 234 805 Aut
256 742 338 806 enim
360 742 442 807 loces
467 760 485 806 a
507 741 623 807 Meiere
646 760 750 824 opusc.
775 740 883 804 [1115
908 760 953 823 sq.
977 739 1121 805 collectos
1154 740 1239 824 (nem
1263 741 1301 804 in

168 846 271 909 annet.
294 844 358 909 306
380 846 521 910 nestrum
544 846 647 911 lecum
664 863 722 909 nen
740 845 898 928 omiserat)
921 862 981 909 nen
1006 862 1111 909 omnes
1128 844 1246 927 perlust
1287 880 1302 893 ·

165 946 223 1023 nit,
254 948 313 1012 etsi
335 947 392 1012 hec
415 948 500 1026 dicit,
532 949 587 1012 ant
617 947 773 1026 temerius,
808 965 902 1030 quam
926 966 981 1029 par
1005 949 1080 1025 erat,
1114 946 1215 1011 elficie
1238 965 1300 1012 sue

168 1049 306 1114 iunctus
322 1051 378 1114 est.
433 1048 516 1114 Nam
549 1049 648 1114 tribus
685 1049 796 1133 glossis
833 1049 1013 1133 Etymelogi
1049 1048 1171 1132 Magni,
1209 1047 1300 1113 Phe·

163 1150 213 1228 tii,
237 1149 488 1232 Harpocratienis
511 1151 573 1216 alia
597 1170 667 1216 cum
691 1151 753 1216 alia
776 1151 966 1232 compositis
984 1150 1051 1234 jam
1073 1150 1207 1215 elucebit
1224 1150 1299 1216 lnce

166 1252 291 1331 clerice,
323 1253 404 1318 unde
436 1254 639 1338 Etymelegus
662 1254 795 1337 Magnus
818 1253 953 1335 plurime
975 1252 1161 1336 sumpserit:
1193 1271 1254 1317 non
1280 1272 1299 1318 e

169 1354 289 1433 Photis,
321 1356 376 1420 scd
399 1375 434 1421 ex
456 1356 710 1438 Harpocratione.
758 1357 861 1435 Illum,
886 1356 1104 1439 patriarcham,
1136 1354 1174 1420 ad
1196 1373 1298 1420 unum

166 1457 295 1522 verbum
328 1458 568 1545 ἀναβάλλεσθαι
600 1459 806 1542 supplendum
839 1460 992 1526 adhibuit.
1049 1459 1199 1524 Attamen
1238 1457 1298 1522 fini

165 1560 288 1642 glossae
310 1561 389 1626 illud
411 1561 564 1648 ῥητορική
589 1563 764 1645 adscripsit.

211 1786 308 1869 Ηοιρ.
335 1784 489 1868 [pitense.
581 1787 628 1854 Ε1.
654 1788 695 1852 Μ.
718 1789 796 1853 784.
817 1789 875 1852 40.
1048 1787 1185 1851 Piretiue.

163 1937 341 2024 ὑπωμοσίαι·
378 1941 413 2002 τὸ
436 1940 526 2024 ὑπερ·
545 1939 719 2027 ὑπωμοσία·
754 1942 789 2004 τὸ
813 1941 904 2024 ὑπερ·
932 1937 1106 2024 ὑπωμοσίαι·
1146 1941 1181 2002 τὸ
1218 1939 1295 2002 ἀνα-

167 2039 317 2105 τίθεσθαι
339 2040 431 2127 δίκην
453 2064 526 2126 προ·
546 2043 697 2109 τίθεσθαι
728 2042 820 2128 δίκην
850 2045 906 2106 καὶ
931 2041 1110 2129 βάλλεσθαι
1123 2039 1214 2126 δίκην
1223 2042 1296 2104 τινά

162 2143 259 2227 φάσει
273 2142 434 2229 χρώμενον
450 2145 525 2209 άπο-
546 2147 784 2234 ἀναβάλλεσθαι
832 2167 904 2229 προ·
932 2146 953 2229 ἤ
977 2166 1006 2208 τι
1036 2143 1116 2208 ἄλλο
1139 2142 1296 2227 προφάσει

166 2246 263 2332 δημίορ
313 2248 334 2331 ἢ
380 2245 460 2331 νὺσῳ
504 2248 637 2332 ἠφάσει
654 2248 814 2334 χρώμενον
829 2249 905 2311 άπο-
932 2249 990 2311 τινὶ
1025 2244 1187 2332 χρώμενον
1218 2246 1294 2332 μεθ’

164 2370 224 2412 τινι
261 2357 322 2414 τῶν
358 2349 525 2436 παραπλη-
545 2351 641 2437 δημίᾳ
689 2353 710 2436 ἢ
760 2349 840 2434 νόσῳ
883 2351 904 2434 ἤ
932 2350 1039 2434 ὅρκου.

165 2451 241 2516 σίων
264 2453 337 2539 μεθ’
358 2454 452 2538 ὅρκου
475 2457 525 2518 οὑ·
545 2475 602 2518 τινι
639 2462 700 2518 τῶν
738 2453 906 2539 παραπλη-

166 2576 226 2648 πως
257 2555 386 2642 ἐλέγετο
413 2559 468 2621 καὶ
490 2561 525 2621 τὸ
546 2557 619 2622 σίων
635 2558 832 2643 μεθ’ὑριιου,
853 2559 906 2621 οὑ-

166 2667 265 2724 ποιεῖν
280 2669 371 2723 τοῦτο
391 2660 526 2746 ὑπὺμνυ-
546 2682 605 2738 τως
627 2660 757 2746 ἐλέγετο
773 2663 848 2724 wael
870 2663 906 2724 τὸ

165 2760 256 2825 σὺαι.
546 2775 645 2829 ποιεῖν
664 2773 755 2828 τοῦτο
770 2762 905 2849 ὑπὺμνυ-

547 2866 636 2930 σθαι·
662 2866 826 2953 ῥητορική.

272 3068 317 3134 De
340 3070 410 3135 aliis
432 3072 589 3162 exemplis,
614 3091 691 3155 quae
713 3071 861 3157 γλώσσας
883 3072 1051 3158 ῥητορικάς
1073 3090 1140 3138 esse
1164 3071 1202 3136 ab
1224 3071 1294 3153 ipse

167 3172 291 3237 auctore
322 3173 526 3255 contenditur,
558 3193 618 3240 nen
648 3176 713 3241 tarn
737 3178 841 3258 aperte
860 3175 1000 3260 judicare
1022 3193 1194 3257 pessumus,
1220 3172 1294 3256 quia

169 3273 273 3338 Photii
295 3275 389 3340 eedex
420 3276 528 3342 unicus
551 3276 717 3357 Galeanus,
750 3277 830 3343 unde
864 3277 957 3342 ceteri
986 3277 1060 3342 libri
1090 3275 1292 3359 manuscript

164 3375 339 3459 finxerunt,
371 3379 535 3446 mutilatus
566 3380 683 3446 exstat:
721 3400 765 3445 cx.
798 3401 842 3464 gr.
875 3379 948 3444 265.
979 3379 1022 3446 30
1059 3379 1214 3466 Δημάσιος
1252 3407 1291 3435 =

169 3480 227 3546 len.
260 3480 331 3564 Seg.
354 3480 382 3544 V
404 3481 478 3548 2¹34.
498 3483 552 3562 15,
587 3484 641 3549 ubi
673 3484 875 3567 Etymelegus
913 3482 1077 3562 contrahit,
1112 3481 1292 3562 commutat,

171 3603 269 3668 nugas
291 3584 388 3651 addit.
411 3584 813 3672 331.4·’1Ἑλληνοιαμιαι
839 3613 878 3643 =
901 3587 974 3653 Len.
997 3587 1069 3670 Seg.
1093 3586 1118 3649 V
1142 3584 1215 3649 248.
1238 3584 1291 3662 29,

168 3686 272 3751 verbis
295 3686 371 3752 item
394 3689 606 3755 commutetis.
629 3689 703 3754 354.
726 3689 769 3752 32
791 3689 974 3774 ἐπενεγκεῖν
996 3687 1068 3773 δόρυ
1080 3688 1105 3772 ¹)
1131 3717 1170 3744 --
1194 3687 1291 3770 Harp.

168 3789 311 3872 Epiteme
334 3810 359 3856 s.
382 3811 411 3856 v.
455 3790 537 3856 Nam
560 3810 631 3857 curn
649 3793 769 3857 constet
785 3792 932 3858 Photium
948 3791 1200 3875 Harpocratienis
1218 3790 1292 3874 Epi-

168 4012 427 4021 ———.———

273 4180 298 4247 1)
326 4179 391 4235 Ceri.
410 4181 534 4236 illerent.
553 4181 595 4235 ed.
614 4181 704 4236 Miller
727 4196 753 4249 p.
773 4181 824 4236 118
849 4183 878 4236 in
905 4183 1064 4250 fragmento
1090 4183 1211 4238 Istriana
1239 4198 1290 4253 pre

164 4264 326 4332 σημαίνοντα
345 4265 430 4321 habet
450 4266 571 4334 σημᾶναι.
