2924 4928
63 551 120 606 τοῦ

63 667 97 707 αι
111 645 138 728 ι)

712 345 750 409 71

153 543 250 626 φόνου
286 545 378 629 diaron!
392 550 447 624 τοὶς
471 550 600 630 φονικὰς
628 548 759 623 όιιτοίσοιςΙ
880 551 934 624 τὰς
958 549 1085 632 φονικός
1132 551 1135 629 l

89 748 109 810 ὁ
143 751 370 834 προαγορεύων
390 750 459 814 ἐπεὶ
474 754 529 814 καί
547 736 757 835 προαγορείεί
770 754 962 836 προηγόρευε
1003 754 1036 816 δὲ
1073 758 1134 835 καὶ,

64 849 168 914 εσθαι
199 861 265 916 τῶν
285 852 369 938 νομί-
389 855 444 917 τὸν
477 853 661 937 ἀνδροφόνον
689 838 832 937 είρ-ίτῶν
864 854 997 940 νομίμων
1029 848 1134 940 adpre-¹

754 914 757 988 l

85 951 181 1031 οὗτός
206 955 304 1019 ἐστιν.
389 955 508 1038 peones
519 964 581 1019 τῶν
594 955 712 1041 νομ[ίμ]
725 956 756 1063 ²)3
770 958 847 1019 σθαι
872 961 942 1032 τοὺς
963 957 995 1020 ἐν
1018 958 1113 1043 αἰτίᾳ.

388 1079 442 1122 ων.
753 1074 756 1154 η

263 1228 342 1294 Cum
374 1228 612 1310 lexicographus
643 1228 710 1292 tum
737 1229 919 1310 ¹patriarcha
949 1230 1085 1295 ordinem
1122 1231 1291 1297 olfioiorum

157 1332 197 1396 ab
221 1331 393 1397 Aristotele
426 1333 676 1397 enumeratorum
710 1331 780 1412 plus
808 1332 908 1395 minus
932 1350 1110 1398 conversum
1133 1335 1290 1416 praebent

157 1454 257 1517 neque
291 1433 419 1513 dubito,
465 1435 540 1515 quin
574 1435 699 1514 uterque
727 1432 794 1515 jam
826 1433 857 1497 in
888 1433 979 1514 plena
1010 1435 1114 1517 glossa
1144 1435 1292 1500 nonnulla

157 1537 371 1602 transmutata
394 1537 558 1614 invenerit,
580 1536 667 1599 velut
690 1537 819 1618 φονικὰς
841 1533 930 1611 δίκας
952 1536 1094 1602 omnibus
1118 1537 1187 1603 aliis
1204 1540 1291 1603 ante·

141 1639 287 1721 positas.
330 1639 417 1704 Idem
442 1639 527 1721 puto,
552 1657 631 1720 quae
648 1637 778 1702 Photius
801 1639 871 1719 post
893 1645 954 1701 τῶν
977 1636 1111 1723 νομίμων
1129 1640 1291 1724 εἴργεσθαι

157 1741 289 1820 addidit,
314 1742 411 1806 verba
433 1742 504 1817 τοὺς
526 1741 560 1804 ἐν
583 1739 678 1824 αἰτίᾳ,
707 1759 778 1805 oum
801 1759 819 1804 a
841 1740 969 1806 Polluce
992 1740 1099 1806 eodem
1120 1743 1187 1807 looo
1210 1749 1227 1819 ἓ
1249 1741 1292 1804 90

156 1845 341 1927 repetantur
363 1846 395 1910 et
416 1845 448 1908 in
471 1843 529 1909 lex.
553 1844 622 1923 Seg.
649 1844 686 1907 V.
712 1843 838 1908 definita
860 1844 982 1908 notione
1014 1843 1199 1928 ἀνδροφόνος
1221 1865 1291 1910 mu-

156 1950 272 2027 tentur,
297 1949 337 2013 ab
360 1948 485 2013 auotore
507 1947 629 2031 glossae
661 1947 756 2026 illius,
795 1948 848 2028 qui
880 1948 1018 2011 omnium
1051 1948 1161 2013 horum
1195 1951 1291 2031 scrip-

155 2053 262 2115 torum
294 2051 363 2116 fons
396 2052 582 2116 statuendus
615 2051 672 2129 ast,
704 2070 741 2115 ex
762 2049 931 2114 Aristotele
963 2051 1030 2131 ipso
1054 2051 1178 2117 aliunde
1211 2055 1291 2135 (cap.

156 2154 209 2219 57.
235 2155 256 2216 4
279 2153 296 2217 ὁ
320 2154 353 2217 δὲ
378 2156 437 2239 την
460 2153 561 2218 αἰτίαν
583 2154 681 2238 ἔχων)
712 2153 773 2217 huo
803 2153 956 2217 translata
979 2171 1055 2217 essa.
1108 2154 1153 2218 At
1175 2156 1290 2235 contra,

156 2277 238 2339 quae
269 2257 325 2322 fini
357 2258 480 2341 glossae
512 2256 688 2338 patriarcha
721 2255 882 2339 subjungit
914 2257 954 2320 ad
985 2256 1161 2322 arohontem
1186 2277 1290 2338 regem

157 2361 359 2442 pertinentia,
392 2362 476 2426 oarte
503 2360 548 2424 ibi
571 2380 630 2425 non
654 2360 782 2436 invenit,
813 2359 886 2440 quia
909 2377 998 2422 orrrae
1021 2361 1237 2441 mysteriorum
1260 2363 1293 2424 et

157 2464 276 2548 insigni
299 2481 429 2529 coronae
452 2463 531 2528 nihil
554 2465 601 2528 est
624 2481 785 2527 commune
809 2479 880 2524 oum
897 2460 1111 2544 jurisdictione
1127 2465 1147 2526 i.
1164 2482 1190 2527 e.
1213 2463 1290 2546 ἡγε-

159 2564 252 2651 μονίᾳ
268 2564 486 2651 δικαστηρίου.
527 2564 588 2631 Sed
604 2564 806 2630 Aristotelem
825 2561 919 2627 etiarn
940 2561 996 2626 hoo
1012 2562 1078 2627 loeo
1095 2566 1217 2629 secutus
1233 2569 1288 2631 est.

324 2720 457 2786 Aristot.
483 2719 537 2785 57.
797 2717 884 2781 Ρίιοί.
909 2735 936 2782 s.
959 2735 988 2781 ν.
1013 2715 1135 2799 ἡγεμ.
1161 2716 1239 2780 δικ.

157 2877 176 2958 ξ
205 2876 222 2939 l
248 2875 265 2939 ό
289 2873 456 2961 βασιλεὺς.
473 2921 504 2937 ..
531 2869 709 2956 μυστηρίων
753 2868 838 2932 ἀλλὰ
861 2871 921 2954 γὰρ
946 2869 962 2931 ό
985 2867 1130 2954 βασιλεὺς
1152 2872 1207 2934 καί
1228 2879 1291 2934 τῶν

160 2977 360 3064 ἐπιμελεῖται
377 2979 458 3061 μετὰ
479 2983 540 3040 τῶν
557 2973 708 3059 ἑπιμελη-
754 2971 931 3058 μυστηρίων
963 2973 1029 3056 ἅμα
1053 2981 1116 3048 τοῖς
1139 2972 1289 3058 ἐπιμελη-

158 3090 222 3146 τῶν
236 3125 486 3146 ...........
752 3084 821 3150 ταῖς
844 3075 1041 3157 προΐσταται.
1248 3072 1252 3080 “

158 3191 176 3261 ἐ
209 3185 230 3247 4
262 3185 375 3247 καί..
410 3189 616 3264 περιαιρεῖται
654 3180 707 3242 τόν
751 3180 818 3264 ἔχει
841 3177 875 3239 δὲ
899 3177 987 3262 μόνος
1013 3181 1069 3240 καί
1093 3178 1255 3262 στέφανον.

160 3285 326 3370 στέφανον.

264 3439 334 3505 Uno
366 3440 490 3503 tanturn
518 3436 586 3501 looo
611 3435 742 3501 Photius
765 3435 803 3499 ab
825 3433 994 3497 Aristotele
1015 3431 1105 3496 valde
1128 3430 1289 3496 dissentire

159 3542 294 3608 videtur.
335 3542 387 3606 llli
411 3541 539 3606 enimsi
562 3539 655 3603 fidem
678 3537 839 3614 habemus,
864 3536 1085 3601 controversiae
1108 3553 1143 3599 ex
1163 3533 1288 3597 honori-

159 3645 219 3710 bus
230 3644 256 3728 ³)
289 3646 372 3711 inter
403 3644 579 3710 sacerdotes
612 3644 643 3707 et
675 3640 782 3735 gentes
814 3641 897 3705 ortae
930 3644 1039 3722 postea
1061 3638 1128 3720 regi
1151 3637 1291 3702 arohonti

158 3820 420 3831 ...—.-—--—-

266 3919 295 3986 1)
323 3919 390 3971 Lex.
410 3916 474 3982 seg.
494 3915 538 3968 IV.
559 3913 616 3968 189.
636 3911 669 3962 22
691 3926 707 3965 e
730 3913 791 3966 tota
808 3912 905 3978 glossa
930 3913 1040 3965 tantum
1063 3912 1134 3965 haeo
1157 3912 1245 3967 verba
1267 3914 1292 3964 οἱ

159 4005 304 4072 ἐνάγοντες
319 4001 429 4069 φονικὰς
443 4001 519 4059 δίκας
534 4000 694 4068 supersunt.

264 4091 292 4156 2)
321 4089 354 4142 ol.
375 4085 766 4152 Meiersmomann-Lipsius,
798 4085 854 4138 Att.
873 4084 1001 4139 Prooess.
1032 4085 1050 4138 l.
1070 4100 1095 4152 p.
1115 4087 1148 4139 63
1166 4102 1229 4141 ann.
1248 4089 1289 4142 60.

265 4177 294 4241 3)
321 4175 400 4242 ἱερῶν
421 4186 473 4240 pro
501 4175 588 4239 γερῶν
607 4172 751 4237 antiquam
770 4172 959 4238 corruptelam
977 4186 1040 4226 esse
1059 4186 1214 4228 consensus
1233 4175 1291 4228 lex.

159 4263 226 4331 Sag.
246 4265 275 4318 et
294 4262 377 4316 Phot.
398 4260 489 4322 doeet,
515 4272 599 4325 quarn
618 4258 653 4311 ob
671 4271 732 4310 rem
751 4272 807 4312 non
826 4260 982 4314 emendavi.
