2924 4928
700 350 761 414 105

165 554 304 638 λούμενοι
326 553 445 640 βεβαιοῖ
475 554 622 637 petivisse
655 575 713 621 non
738 559 887 621 absonum
911 558 967 620 est.
1012 555 1138 621 Ceterae
1161 556 1301 638 glossae,

166 674 245 739 quae
268 655 442 739 poletarum
465 658 653 722 mentionem
676 659 805 741 faciunt,
829 660 883 722 aut
906 659 1013 722 inanes
1037 661 1109 724 sunt
1132 658 1205 742 (lex.
1223 658 1294 741 Seg.

170 760 225 824 lV.
252 756 325 822 192.
349 757 401 838 21,
425 759 559 843 Hcsyeh.
584 780 609 825 s.
631 781 661 826 ν.
685 760 845 846 πωληταί)
880 761 933 826 aut
956 760 1154 825 Aristotelem
1178 760 1295 824 fontem

168 863 274 944 aperte
310 861 551 944 repudiaverunt
589 863 692 946 (Phot.
718 884 742 928 s.
766 885 795 929 ν.
818 863 966 948 πωληταί
999 890 1039 918 ==
1073 863 1158 929 Snid.
1181 863 1223 946 gl.
1250 865 1293 941 1).

169 965 246 1030 Cum
271 964 396 1029 illarum
421 965 498 1029 nihil
513 967 620 1031 nostra
635 967 758 1045 referat,
782 968 857 1031 haee
881 969 1042 1049 propterea
1065 967 1184 1030 animos
1207 967 1238 1029 in
1262 985 1294 1030 se

169 1068 331 1146 convertit,
355 1068 427 1149 quia
452 1069 643 1152 diligentius,
668 1090 759 1152 quam
783 1071 818 1134 ut
837 1071 909 1135 fieta
924 1089 990 1136 esse
1006 1069 1113 1153 possit,
1138 1069 1305 1148 describit,¹

171 1190 298 1253 qnorum
321 1171 402 1237 hona
423 1173 540 1237 aerario
564 1174 723 1239 cesserint.
769 1173 871 1239 Simili
893 1173 983 1239 modo
1006 1173 1087 1254 apud
1111 1173 1240 1256 legistas
1263 1174 1293 1237 in

171 1273 327 1338 nonnullis
350 1274 455 1340 lexicis
479 1276 635 1341 subtiliter
666 1277 846 1341 distinctum
878 1295 954 1355 esse,
987 1277 1098 1357 quihus
1129 1277 1295 1359 magistra·

173 1379 256 1442 tibus
278 1376 357 1442 ratio
379 1377 535 1443 reddenda
550 1381 640 1457 esset,
660 1379 727 1462 jam
743 1399 835 1461 supra
850 1379 1125 1445 animadvertimus
1136 1378 1174 1458 ¹),
1198 1397 1295 1459 neque

172 1478 262 1560 alitor
283 1479 315 1543 in
338 1477 442 1562 glossa
474 1479 566 1565 κυρία
590 1479 751 1567 ἐκκλησία
783 1500 832 1562 ap.
856 1482 913 1545 lex.
937 1480 1008 1562 Seg.
1033 1480 1069 1545 V.
1092 1478 1166 1544 274.
1192 1479 1232 1542 19
1256 1508 1294 1535 =

172 1582 263 1646 Phot.
286 1603 311 1648 s.
335 1583 661 1670 propiciacionis
693 1586 902 1667 exemplorum
928 1586 996 1650 loeo
1020 1583 1199 1667 adfiguntur
1221 1584 1297 1649 certi

126 1715 130 1723 ·
172 1685 297 1767 quidam
332 1687 533 1768 magistratus
571 1691 648 1771 (olor
682 1689 890 1773 στρατηγοῦς,
931 1687 1106 1772 ἱππάρχους
1140 1689 1195 1750 καί
1226 1689 1296 1762 τοὺς

173 1788 354 1871 τοιούτους),
383 1789 420 1854 de
452 1793 564 1874 quihus
595 1792 626 1855 in
662 1791 719 1856 hac
742 1793 883 1856 contione
906 1791 1086 1875 suffragium
1109 1790 1216 1855 datum
1240 1795 1295 1854 est.

173 1891 255 1956 Satis
277 1893 374 1958 haoee
396 1893 454 1959 hoe
476 1894 627 1960 indicasse
650 1914 747 1977 neque
770 1894 841 1959 inde
875 1895 1020 1960 temerius
1054 1895 1190 1959 conicere
1218 1895 1295 1972 volo,

172 1995 267 2060 inisse
289 1995 443 2077 quondam
466 1999 613 2081 glossam,
646 2017 723 2080 quae
746 1999 778 2062 id
801 1998 1082 2081 comprehenderet,
1114 1998 1193 2080 quod
1218 2017 1299 2061 nune

173 2118 223 2182 ap.
244 2099 303 2164 lex.
323 2098 394 2182 Seg.
410 2099 448 2179 V,
471 2100 529 2166 lex.
554 2102 653 2178 Dem,
678 2102 774 2184 Harp.
798 2102 830 2166 et
852 2102 999 2167 Photium
1021 2102 1195 2185 sejunctum
1219 2101 1307 2184 legi-v

173 2221 252 2278 mus,
292 2220 430 2286 quaeque
460 2204 568 2270 itidem
601 2205 802 2270 Aristotelem
835 2207 969 2270 auxisset
1003 2207 1034 2270 et
1067 2204 1295 2287 amplificasset,

136 2384 139 2393 1
173 2307 266 2387 atquo
286 2304 319 2369 in
341 2306 454 2388 glossis
477 2306 686 2392 θεσμοθετῶν
709 2308 879 2392 ἀνάκρισις,
905 2307 1058 2392 ἡγεμονία
1079 2305 1295 2392 δικαστηρίου,

173 2407 228 2472 ubi
250 2408 308 2474 hoe
330 2409 447 2474 factum
471 2429 537 2476 esse
560 2410 706 2476 audacius
730 2411 949 2476 contenderim.

177 2746 203 2835 ἕ
234 2747 272 2816 3.
327 2747 417 2836 Qua
454 2746 522 2815 via
558 2745 810 2814 Aristotelea
844 2745 883 2812 in
917 2741 1298 2831 Harpocrationem,

175 2849 403 2935 Pollucem,
435 2849 571 2918 lexica
604 2848 824 2933 rhetorica,
857 2846 1018 2916 scholia
1046 2843 1298 2927 intraverint,

463 2953 607 3042 paucis
642 2949 1013 3040 comprehenditur.

279 3141 347 3207 Hae
372 3143 432 3207 fere
457 3143 580 3208 luerunt
602 3143 732 3225 glossae,
766 3141 803 3205 de
826 3141 937 3224 quibus
960 3142 991 3204 in
1015 3140 1113 3204 altera
1135 3137 1301 3219 disputati-

177 3245 309 3310 unculae
345 3264 431 3311 meae
468 3249 555 3328 parte
589 3245 737 3310 disserere
768 3244 924 3309 constitui.
979 3242 1063 3322 Quae
1094 3242 1188 3305 etiam
1220 3258 1301 3302 nune

177 3350 314 3423 restant,
349 3367 384 3413 ex
414 3348 584 3414 Aristotele
616 3346 803 3430 pendentes,
838 3366 888 3410 eas
921 3346 974 3410 aut
1005 3344 1121 3408 nullius
1152 3341 1301 3406 momenti

178 3468 244 3515 esse
267 3448 339 3515 duxi
362 3452 416 3516 ant
446 3450 538 3516 tertio
570 3450 665 3532 capiti
695 3450 827 3532 seposui.
872 3448 989 3524 Restat,
1022 3448 1057 3510 ut
1086 3445 1192 3526 paucis
1216 3461 1300 3506 eom-

179 3551 307 3633 pleetar,
336 3552 416 3634 quod
439 3573 489 3618 me
511 3553 660 3618 haetenus
683 3550 869 3634 disputando
893 3550 1030 3615 effecisse
1054 3550 1198 3629 atquem
1222 3546 1302 3608 inter

179 3655 409 3739 lexicographos
422 3656 560 3740 singulos
573 3657 604 3721 et
614 3655 814 3721 Aristotelem
829 3657 981 3719 rationem
996 3649 1184 3716 intercedere
1201 3647 1300 3712 crede.

179 3758 248 3823 Non
286 3758 377 3824 modo
415 3761 587 3835 Pollucem,
625 3759 677 3823 sed
711 3759 805 3823 etiam
838 3758 1116 3839 Harpocrationem
1149 3754 1251 3833 ipsum
1284 3770 1301 3815 e

182 3862 288 3925 libello
312 3861 351 3925 de
372 3863 542 3946 Republica
558 3863 804 3943 Atheniensium,
830 3877 1039 3943 quaecumque
1062 3855 1121 3920 sihi
1144 3855 1214 3919 usui
1237 3872 1303 3918 esse

180 3960 370 4042 riderentur,
401 3964 438 4028 ad
471 3965 632 4028 arbitrium
665 3984 755 4029 sirum
784 3961 969 4043 excerpsisse
992 3976 1171 4042 persuasum
1195 3956 1302 4020 habeo.

183 4155 440 4165 ᾖ...-

285 4273 311 4339 1)
328 4288 354 4340 p.
373 4268 414 4324 37.
