2924 4928
698 341 758 407 133

167 549 373 631 compositum
396 549 491 614 fuisse
514 549 641 632 conjeci,
673 550 764 614 rebus
788 569 806 615 a
828 548 933 614 Psello
956 549 1106 613 enarratis
1128 547 1297 630 praecipue.

169 672 292 735 operam
316 652 421 717 datam
444 671 510 719 esse
533 653 662 736 apparet
686 656 719 719 et
739 652 851 736 glossis
874 650 1141 733 Harpocrationeis
1164 668 1292 734 respon-

169 755 324 835 dentibus,
348 775 427 838 quae
444 757 557 838 ubique
573 757 635 820 fere
651 758 796 836 oratores,
819 755 915 821 semel
932 755 969 840 (s.
985 774 1014 819 u.
1031 751 1292 838 Ἑλληνοταμίαι)

168 857 380 943 Thucydidem
402 859 512 924 testem
537 860 677 936 afferunt,
702 859 927 942 comprobatur.

270 961 369 1025 Fonte
400 963 493 1026 nimis
525 961 731 1027 contrahenda
765 962 856 1027 facile
878 961 945 1026 fieri
971 960 1083 1044 potuit,
1115 960 1151 1023 ut
1180 976 1292 1024 nomen

167 1063 356 1142 Aristotelis,
380 1064 433 1146 qui
456 1083 474 1127 a
497 1063 661 1144 Pamphilo
684 1062 866 1145 saepissime
888 1064 970 1128 certe
993 1061 1137 1127 laudatus
1160 1062 1217 1140 est,
1240 1080 1292 1126 ex-

171 1168 256 1246 copto
279 1185 340 1230 uno
371 1166 437 1232 loco
468 1185 589 1248 semper
610 1166 818 1231 intercideret.
864 1164 949 1245 Quae
972 1166 1148 1249 conjectura
1171 1165 1197 1229 si
1219 1183 1293 1229 uera

168 1267 218 1344 sit,
252 1266 385 1331 fortasse
417 1267 455 1331 ad
487 1269 703 1350 explicandum
725 1270 796 1332 usui
818 1268 887 1344 erit,
919 1287 974 1332 cur
996 1267 1106 1333 Suidas
1132 1266 1225 1332 toties
1259 1266 1290 1330 in

167 1370 276 1450 primis
298 1370 330 1434 iu
353 1370 528 1437 nominibus
551 1391 713 1438 causarum
736 1372 901 1437 atticarum
922 1389 983 1435 nou
1016 1390 1074 1434 una
1105 1370 1291 1452 interpreta-

168 1473 250 1538 tione
273 1476 435 1540 contentus
457 1477 559 1553 fuerit,
586 1475 639 1541 sed
662 1477 841 1559 plerumque
865 1475 942 1542 duas
964 1475 1067 1539 tresve
1090 1474 1290 1557 conjunxerit.

169 1576 316 1642 Conscius
339 1580 476 1660 prolecto
498 1580 576 1644 mihi
599 1599 678 1657 sum,
711 1599 789 1662 quae
811 1597 881 1644 mox
903 1578 1028 1661 protuli,
1052 1595 1102 1641 me
1133 1595 1193 1642 non
1226 1577 1291 1640 tam

169 1682 418 1760 argumentatum
442 1702 535 1763 quam
559 1682 743 1748 arbitratum
775 1702 841 1748 esse
872 1700 970 1764 neque
993 1681 1165 1764 opinionem
1190 1698 1291 1744 meam

169 1784 328 1861 procerte
359 1784 543 1850 documento
575 1785 705 1850 vendere
737 1785 816 1851 volo.
870 1784 956 1864 erae
988 1799 1096 1848 verane
1128 1782 1222 1848 fuerit
1253 1801 1292 1846 an

168 1885 335 1950 falsatum
359 1888 482 1953 demum
506 1889 732 1973 dijudicabitur,
768 1907 848 1965 cum,
880 1888 990 1952 latiore
1012 1886 1214 1952 fundamento
1236 1904 1292 1968 po-

169 1988 239 2067 sito,
273 1990 354 2055 unde
387 1994 501 2074 posteri
526 1994 687 2058 scientiam
711 1992 748 2056 de
770 1992 860 2056 rebus
880 1990 1082 2075 judicialibus
1106 1990 1138 2053 et
1159 1990 1293 2073 publicis

168 2091 272 2158 atticis
304 2097 374 2176 post
404 2096 604 2162 Aristotelem
638 2096 739 2178 adepti
773 2097 852 2173 sint,
888 2094 1131 2176 cognoverimus.
1192 2093 1292 2173 Quam

168 2197 378 2277 quaestionem
401 2219 481 2265 nunc
504 2219 562 2266 non
585 2203 721 2283 tangam.

271 2304 326 2376 ‚At
357 2302 431 2384 quid
462 2303 500 2368 ad
532 2322 587 2367 nos
618 2302 839 2385 PamphilusP
870 2302 989 2385 inquies
1012 2301 1096 2384 ,quid
1118 2301 1292 2366 Vestinus?

169 2401 246 2468 Cum
271 2403 408 2483 Polluce,
435 2404 545 2483 Psello
577 2405 681 2482 Suida,
716 2406 822 2470 lexicis
846 2404 1042 2488 Seguerianis
1065 2403 1153 2468 nobis
1175 2423 1223 2468 res
1246 2405 1293 2493 est

169 2507 292 2571 etcum
316 2508 444 2587 ratione,
468 2528 545 2590 quae
567 2510 651 2574 inter
672 2509 728 2573 hos
751 2508 937 2573 intercedit.t
981 2494 1075 2572 Recte
1098 2509 1132 2592 tu
1148 2506 1291 2589 quidem;

169 2609 222 2675 sed
246 2611 272 2675 si
295 2611 418 2677 Psellus
442 2612 580 2677 ordinem
611 2631 713 2677 rerum
735 2612 767 2676 in
791 2612 923 2688 auctore,
956 2629 1046 2692 quem
1078 2611 1203 2675 secutus
1235 2611 1291 2685 est,

167 2713 231 2796 jam
255 2714 382 2793 invenit,
415 2716 575 2781 Pollucem
607 2734 727 2798 quoque
750 2714 999 2780 distributionem
1034 2715 1066 2778 in
1089 2714 1166 2779 duas
1188 2715 1292 2795 partes

169 2836 229 2880 non
252 2816 354 2898 ipsum
378 2820 566 2898 excogitasse
589 2819 653 2883 veri
678 2818 812 2884 similius
836 2817 881 2880 lit.

270 2909 362 2985 Nunc
393 2923 577 2987 sententiam
601 2921 765 3005 Stojentini
785 2921 835 2986 uel
867 2921 971 3003 potius
995 2919 1033 2984 V.
1057 2920 1137 2985 Rose
1160 2938 1254 3000 supra
1266 2918 1291 3002 ¹)

170 3041 206 3086 ex
227 3025 315 3104 parte
337 3024 493 3105 repulsam
516 3027 730 3089 retractemus.
766 3024 834 3089 Etsi
853 3023 1025 3106 StoJentino
1043 3024 1203 3090 Pollucem
1226 3023 1291 3105 epi-

169 3125 272 3190 tomen
297 3121 454 3209 Pamphili
474 3127 635 3193 aVestino
658 3128 829 3192 contectam
851 3127 1029 3192 adhibuisse
1052 3125 1217 3192 concedere
1232 3144 1291 3189 non

169 3246 304 3311 possum,
337 3231 441 3294 tamon
473 3230 620 3313 Roseo²)‚
655 3231 790 3295 censenti
821 3229 1019 3313 Pamphilum
1051 3230 1153 3311 ipsum
1176 3228 1292 3293 fontem

170 3332 362 3398 Onomastici
385 3333 481 3399 nostri
503 3334 607 3411 fuisse,
632 3352 685 3398 cur
699 3335 851 3411 resistam,
875 3332 954 3397 nihil
975 3333 1082 3397 habeo.
1123 3331 1293 3414 Fragmen-

168 3439 236 3501 tum
271 3437 426 3519 Pamphili
465 3439 503 3502 ab
537 3438 696 3502 Athenaeo
734 3437 789 3501 Xl.
828 3435 947 3517 496⁸³J
984 3436 1140 3500 servatum
1178 3433 1292 3499 collato

170 3627 422 3634 -——-..—-.—..

276 3762 301 3825 l)
328 3776 353 3828 p.
372 3762 414 3815 67.

271 3849 299 3907 21
328 3848 497 3902 Aristoteles
515 3847 783 3914 pseudepigraphos.
818 3847 893 3914 Lips.
913 3847 988 3900 1863.
1007 3859 1033 3913 p.
1052 3846 1112 3898 426.

274 3930 302 4000 3)
330 3932 534 3999 Argumentum
553 3949 570 3987 a
587 3933 618 3986 1⁴¹.
636 3933 804 4000 Rudolphio,
832 3933 877 3986 die
896 3931 1015 3995 Quellan
1035 3931 1094 3985 und
1111 3932 1156 3985 die
1175 3930 1294 3985 Schrift-

169 4019 296 4072 stellerei
314 4020 364 4073 des
382 4021 543 4074 Athenaeus
561 4021 590 4074 in
609 4020 747 4086 Philolog.
767 4019 862 4088 Suppl.
889 4018 940 4072 Bd.
962 4017 1008 4071 Vl.
1027 4018 1123 4092 peso
1140 4018 1206 4071 inda
1224 4019 1293 4085 peti-

169 4103 239 4167 tum,
258 4105 333 4171 quod
350 4105 515 4160 Athenaeus
534 4106 712 4174 Pamphilum
733 4118 887 4172 numquam
904 4104 995 4172 primo
1014 4105 1063 4158 aut
1082 4105 1211 4158 extremo
1229 4103 1293 4157 loco

170 4189 273 4244 testem
287 4192 422 4254 attulerit,
440 4193 509 4246 mihi
522 4192 634 4260 quidem
647 4192 799 4259 persuasit,
817 4192 893 4248 hunc
904 4205 962 4245 non
974 4189 1158 4258 principalem
1171 4188 1294 4244 Naucra-

169 4275 241 4329 titae
259 4276 367 4330 iontem
384 4277 480 4331 fuisse.
