2924 4928
717 354 759 417 86

175 558 288 640 pagina
310 556 419 641 papyri
434 556 634 621 Londinensis
649 555 798 620 XXXIII.
820 575 848 619 v.
868 554 974 618 3--15
998 555 1108 618 misere
1132 553 1302 619 dilacerata

174 658 295 724 restitui
317 660 431 741 posset.

266 870 268 875 ⁴
367 868 402 948 tr)
441 864 1105 950 ἰπμΙοοοετετρυπημένηψηρος.

276 1019 385 1101 Neque
408 1017 500 1084 aliter
521 1037 569 1082 res
592 1036 625 1082 se
647 1016 742 1093 habet
763 1018 796 1081 in
819 1018 923 1100 glossa
947 1016 1165 1103 τετρυπημένη
1181 1017 1300 1102 ψηηος.

113 1082 116 1100 Ι
176 1123 270 1204 Harp.
283 1122 308 1206 ¹)
326 1141 351 1187 s.
368 1142 397 1187 ν.
414 1119 633 1206 τετρυπημένη
649 1119 755 1204 ψηρος
769 1122 873 1203 ipsum
889 1119 1090 1185 Aristotelem
1105 1138 1134 1202 p.
1152 1120 1301 1185 XXXVI.

175 1225 224 1292 27.
248 1225 399 1304 adhibuit,
430 1225 511 1290 unde
544 1223 628 1291 Suid.
660 1244 685 1290 s.
708 1222 816 1288 eadem
841 1243 870 1287 v.
893 1224 925 1287 et
948 1223 997 1288 Et.
1021 1222 1100 1288 Flor.
1125 1227 1172 1288 ed.
1196 1224 1304 1289 Miller

176 1330 248 1395 mdl.
271 1329 308 1394 de
330 1330 362 1394 Ia
383 1330 446 1394 litt.
468 1348 514 1412 gr.
546 1348 576 1412 p.
600 1326 674 1392 280.
700 1327 741 1391 18
764 1346 820 1392 sua
842 1326 967 1391 habent.
1012 1325 1079 1406 Quo
1102 1327 1186 1392 fonte
1218 1327 1303 1391 Poll.

176 1433 261 1499 VIII.
287 1432 358 1512 123,
390 1433 449 1498 lex.
483 1432 552 1517 Sag.
578 1433 614 1496 V.
645 1431 719 1496 307.
755 1431 803 1510 18,
836 1431 928 1496 Phet.
962 1449 986 1496 e.
1019 1451 1048 1496 v.
1080 1431 1301 1517 τετρυπημένη

176 1536 281 1621 ψηρος
304 1536 410 1602 eadem
436 1539 530 1619 atquo
552 1535 826 1619 Harpocrationem
851 1534 971 1599 ratione
1004 1554 1075 1600 usos
1104 1553 1180 1613 osse,
1213 1553 1303 1617 pror·

177 1659 229 1706 sus
250 1641 425 1724 negandum
450 1642 506 1706 est.
552 1633 668 1705 Tamen
680 1639 801 1716 Pollux,
825 1639 883 1703 lex.
909 1637 980 1722 Seg.
998 1639 1047 1717 V.,
1069 1639 1198 1704 Photius
1221 1640 1305 1704 Inter

177 1763 243 1809 sese
266 1743 501 1809 similtudinem
524 1744 677 1827 quandam
701 1762 768 1808 esse
791 1760 852 1807 non
874 1743 985 1807 celant.

361 1969 385 2049 i)
422 1970 452 2031 in
476 1969 592 2051 plessis
616 1965 826 2044 καδίσκος
849 1973 880 2032 et
904 1969 1123 2053 ἀμφορεῖς.

280 2121 438 2186 Interdum
461 2121 537 2185 artis
569 2121 751 2186 vocabulum
783 2122 821 2185 ad
845 2120 982 2202 supellex
1003 2119 1152 2203 judiciale
1181 2120 1305 2204 signifi·

178 2225 309 2290 eandum
341 2222 380 2287 ab
413 2223 579 2289 Aristotele
610 2241 670 2288 non
703 2226 977 2289 commemoratum
1009 2223 1066 2298 est,
1100 2224 1182 2305 quod
1205 2223 1304 2288 detri-

179 2332 318 2391 mentum
340 2325 454 2390 auxillo
475 2327 508 2390 in
536 2325 644 2407 primis
676 2326 832 2391 oratorum
863 2328 894 2391 et
925 2326 1112 2393 comicorum
1135 2325 1302 2391 atticorum

179 2429 444 2512 compensabatur.
501 2427 551 2494 Sio
573 2447 680 2506 urnae,
712 2429 744 2492 in
767 2447 842 2510 quas
866 2429 1011 2512 suffragia
1029 2427 1171 2511 judicum
1193 2429 1306 2494 inlcie-

178 2534 299 2612 bantur,
337 2532 375 2597 ab
412 2532 655 2616 Harpocratione
687 2552 711 2597 s.
744 2553 772 2598 ν.
805 2531 955 2607 καδίσκος
979 2559 1018 2589 =
1050 2531 1136 2598 Suid.
1159 2551 1184 2598 s.
1207 2552 1236 2597 ν.
1261 2560 1303 2589 =

177 2637 284 2702 Zonar.
316 2655 345 2718 p.
372 2635 463 2714 1141,
496 2635 574 2702 Poll.
596 2634 683 2699 VIlI.
717 2635 756 2700 ll
789 2634 1305 2720 cf.ib.§123,flesych.s.v.,

180 2740 275 2803 schol.
298 2738 352 2803 Ar.
376 2738 435 2803 Av.
463 2737 553 2815 1032,
580 2737 675 2803 schol.
699 2738 752 2803 Ar.
777 2739 869 2823 Vesp.
893 2738 969 2817 321,
990 2739 1048 2804 Iex.
1073 2739 1142 2822 Sag.
1166 2739 1205 2803 V.
1228 2737 1306 2804 275.

179 2842 221 2902 28
245 2867 283 2896 =
307 2841 357 2904 Et.
380 2840 424 2906 M.
447 2839 520 2904 482.
543 2843 584 2905 55
608 2842 818 2924 explanantur,
855 2842 978 2907 nomine
1002 2840 1152 2918 καδίσκος
1175 2860 1211 2907 ex
1233 2860 1306 2906 ora-

178 2943 297 3007 toribus
328 2961 354 3008 e.
376 2962 422 3026 gr.
445 2943 567 3028 [Dem]
591 2944 643 3009 59.
665 2944 717 3023 90,
741 2946 812 3030 Lys.
840 2944 889 3008 13.
912 2944 964 3024 37,
988 2945 1029 3010 al.
1052 2945 1185 3029 cognito.
1230 2945 1305 3008 Ari·

180 3045 305 3110 stoteles
328 3065 358 3128 p.
380 3046 546 3112 XXXVII.
569 3050 589 3110 3
612 3068 677 3112 rem
701 3048 874 3130 descripsit,
912 3068 1022 3115 nomen
1055 3048 1169 3114 omisit.
1214 3047 1305 3112 Idem

179 3149 263 3215 eadit
295 3151 326 3214 iu
359 3167 462 3215 orcam
493 3151 592 3230 illam,
629 3171 723 3217 urnae
754 3152 942 3235 impositam,
980 3171 1036 3235 per
1066 3169 1159 3235 qnam
1190 3149 1306 3215 calculi

179 3252 436 3320 immittebantur.
480 3253 573 3336 Apud
596 3254 796 3321 Aristotelem
829 3273 859 3335 p.
882 3253 1045 3319 XXXVII.
1069 3254 1090 3317 ὃ
1112 3271 1223 3317 nomen
1248 3253 1305 3316 de·

180 3356 342 3434 sideratur,
366 3357 425 3423 etsi
446 3357 606 3422 vasculum
630 3359 732 3440 ipsum
748 3357 986 3440 diligentissime
1002 3355 1197 3433 describitur,
1220 3355 1308 3436 apud

179 3459 410 3542 lexicographos
436 3479 471 3524 ex
493 3461 710 3544 Aristophanis
732 3460 826 3542 Vesp.
850 3459 913 3522 754
936 3459 1113 3542 suppletum
1138 3458 1195 3537 ost,
1227 3475 1308 3539 quo·

180 3561 270 3627 modo
301 3562 359 3628 hoc
389 3564 628 3630 instrumentum
656 3563 803 3648 judiciale
837 3565 1027 3629 nominatum
1049 3562 1101 3628 sit.
1145 3560 1190 3626 At
1211 3579 1308 3643 prae-

178 3668 321 3748 terquam
352 3665 433 3748 quod
465 3667 550 3749 ipsae
580 3667 701 3751 glossae
733 3667 877 3744 clamant,
918 3685 949 3730 se
981 3664 1021 3730 ad
1057 3663 1174 3730 fontem
1207 3681 1305 3729 nnum

179 3769 286 3846 redire,
310 3768 368 3834 hoc
390 3769 457 3834 loeo
479 3769 566 3834 nobis
590 3771 766 3836 etiamnunc
789 3769 943 3852 pleniores
966 3768 1026 3834 duo
1049 3767 1110 3832 loci
1129 3767 1309 3850 supersunt,

180 3869 232 3952 qui
255 3888 310 3934 nos
333 3870 471 3949 edocent,
505 3871 657 3953 quomodo
681 3872 743 3937 fere
765 3871 844 3935 illud
867 3872 985 3936 lexicon
1007 3869 1194 3935 rhetoricum
1218 3886 1308 3933 com·

181 3972 316 4063 positum
339 3972 447 4037 fuerit:
481 3973 590 4038 Pollux
614 3972 697 4038 VIII.
723 3973 784 4037 123
807 3974 838 4038 et
861 3973 954 4038 schol.
980 3974 1034 4038 Ar.
1058 3972 1137 4054 Elqu.
1162 3969 1257 4034 1151.

183 4163 438 4171 -,---,.-.-

285 4284 310 4349 1)
329 4283 362 4337 ef.
381 4283 689 4349 WilamoWItaXaibel,
715 4284 757 4338 od.
777 4283 855 4338 adh.
874 4283 891 4336 l.
964 4323 969 4330 .
