2924 4928
710 292 752 357 87

168 494 478 577 Αιίι1.ρ.ΧΧΧ1111.
497 496 528 560 3.
548 496 657 562 Sobel.
678 495 730 559 Ar.
747 495 822 578 Ειμι.
841 498 907 561 1151.
988 497 1065 561 Poll.
1089 497 1160 560 Vlll.
1185 497 1247 562 123.

548 652 650 735 κημὸς
673 650 688 712 6
712 649 763 712 ἐπὶ
780 658 834 711 τοῦ
850 670 907 712 κα-
936 649 1043 732 κοίδος,
1065 649 1238 736 ᾤ’κημὸςέ
1264 649 1293 713 ἑ-

547 752 678 835 δίσκου,
710 753 752 827 είς
786 753 820 815 ὃν
852 755 908 829 τοὶς
936 773 1023 817 κειτο
1045 751 1083 815 δι’
1101 756 1136 816 ού
1160 753 1294 818 καθίετο
1388 780 1392 785 ·

547 854 671 939 ψήφους
695 853 852 918 καθίεσαν
875 855 908 921 ἐν
935 855 956 940 η
979 854 1094 939 ψῆφος.

547 966 612 1034 τοῖς
683 957 904 1044 δικαστηρίοις.

547 1059 700 1144 Κρατῖνος
743 1060 777 1123 δὲ
814 1061 908 1125 αὐτὸν

547 1162 581 1227 ἐν
608 1163 723 1249 Νύμοις
756 1163 908 1248 οχοίνινον

532 1266 654 1359 Ιἠθμὸν
677 1267 784 1349 καλεῖ,
808 1276 907 1331 τοιοῦ-

532 1366 599 1444 Ιτος
621 1371 681 1453 γὰρ
705 1369 824 1453 ἐγίνετο
854 1375 909 1435 καί

547 1474 588 1556 ην
615 1471 782 1557 παρόμοιος
804 1472 906 1558 χύνη,

548 1575 589 1650 ὡς
611 1577 666 1638 καί
684 1575 853 1660 Σοφοκλῆς
875 1577 908 1642 ἐν

548 1675 678 1762 Ἰνοὶχῳ.
715 1681 844 1763 ὕστερον
875 1680 909 1744 δὲ

168 1780 229 1842 εἰσὶ
251 1777 278 1841 δ’
300 1779 448 1864 ἀμφορεῖς
474 1779 528 1844 δύο
549 1782 697 1864 ἀμφορεῖς
714 1781 767 1845 δύο
780 1783 908 1847 ἵσταντο
937 1784 1030 1859 esee
1052 1783 1086 1846 δὲ
1117 1783 1170 1845 δύο
1194 1783 1293 1868 ἀμφο-

169 1881 305 1968 κείμενοι
328 1883 362 1945 ἐν
381 1890 425 1966 τῷ
441 1882 528 1945 δικα-
548 1883 582 1946 ἐν
605 1894 669 1960 τοῖς
684 1883 905 1970 δικαστηρίοις,
936 1895 999 1970 ρείς

169 1985 298 2071 στηρίῳ,
327 1984 343 2048 6
368 1985 423 2070 μὲν
446 1984 528 2070 χαλ·
549 1987 565 2050 6
589 1987 645 2072 μὲν
659 1987 815 2072 χαλκοῦς,
841 1988 907 2052 ύδὲ
936 1990 953 2052 6
976 1991 1032 2075 μὲν
1054 1991 1204 2075 χαλκοῦς,
1227 1989 1293 2053 ὁδὲ

168 2098 254 2171 κοῦς,
288 2089 305 2152 6
337 2088 371 2151 δὲ
395 2086 526 2171 ξύλινος,
548 2089 680 2172 ξύλινος,
936 2091 1066 2177 ξύλινος,

168 2190 334 2274 διαίρετοι,
371 2192 453 2268 ὅπως
486 2193 528 2277 μη

167 2293 529 2381 προυποβοίλλωνταιψη·

168 2419 233 2480 φοι,
254 2397 297 2473 είς
311 2397 363 2473 οὓς
379 2397 529 2483 ψηφίζον-

168 2521 219 2562 ται
252 2499 280 2562 οί
312 2499 477 2583 δικασταί,
513 2500 529 2563 6

168 2603 225 2685 μὲν
243 2602 526 2688 χαλκοῦς-κύριος,
549 2606 603 2667 καί
626 2603 642 2667 6
666 2605 721 2688 μὲν
736 2602 839 2686 κύριος
853 2605 906 2688 ὴν,
936 2606 952 2669 6
978 2606 1034 2690 μὲν
1065 2605 1179 2688 κύριος,
1213 2603 1229 2666 6
1261 2602 1295 2664 δὲ

167 2704 241 2769 ύδὲ
258 2705 376 2783 ξύλινος
399 2709 565 2792 ἄκυρος,ύ
596 2706 631 2769 δὲ
664 2708 798 2789 ἄκυρος,
840 2706 908 2791 ἔχει
937 2711 1063 2792 ἄκυρος,
1082 2714 1125 2791 τῷ
1136 2705 1169 2768 δὲ
1178 2705 1295 2791 χαλκῷ

168 2811 236 2893 ἔχει
275 2807 301 2871 δ’
333 2808 350 2872 6
385 2809 529 2895 χαλκοῦς
548 2809 576 2873 δ’
613 2809 629 2872 6
666 2808 829 2894 χαλκοῦς,
869 2810 909 2883 ὥς
937 2810 1016 2895 ἐπῆν
1054 2809 1199 2896 ἐπίθημα
1240 2820 1295 2894 μιᾷ

167 2911 314 2998 ἐπίθημα
340 2912 528 3000 διερρινημὲ-
547 2934 655 2999 φησιν,
672 2911 906 2997 Ἀριστοτέλης,
936 2914 1032 2999 ψήφῳ
1055 2913 1162 2999 χώραν
1185 2914 1270 2998 ἔχον.

167 3036 219 3078 νον
229 3016 298 3091 ὥςτ’
314 3016 416 3101 αὐτὴν
432 3016 529 3101 μόνην
549 3015 774 3101 διερρινημὲνον
844 3015 908 3079 ἐπί-

167 3127 282 3202 χιορεῖν
317 3120 375 3202 την
408 3119 527 3203 ψῆφον,
549 3119 656 3204 ύημα,
686 3120 728 3195 εἰς
751 3121 786 3183 τύ
809 3121 909 3204 αὐτην

166 3221 218 3283 ἵνα
246 3221 289 3304 μη
321 3220 375 3285 δύο
398 3221 415 3284 6
438 3223 530 3296 αὐτὸς
549 3221 646 3309 μύνην
662 3224 721 3306 την
736 3222 841 3306 ψῆφον
851 3244 908 3285 κοι-

167 3323 285 3409 βάλλῃ.
325 3351 328 3356 ’
549 3324 693 3389 elaeon.

270 3579 430 3645 Pollucem
453 3598 492 3644 ne
514 3599 550 3645 er
569 3581 636 3662 ipso
651 3580 820 3646 Aristotele
838 3580 1022 3658 derivemus,
1039 3597 1100 3644 non
1116 3579 1181 3643 tam
1195 3578 1293 3659 loeus,

166 3683 282 3749 ubido
305 3684 362 3749 hae
384 3703 417 3749 re
441 3683 626 3767 disputatur,
659 3684 750 3767 longe
774 3684 892 3749 distans
915 3684 955 3748 eb
976 3683 1050 3762 illis,
1083 3683 1138 3748 ubi
1160 3682 1294 3766 vestigio

166 3786 356 3852 Aristotelea
377 3787 599 3866 remanserunt,
630 3806 686 3853 nos
709 3787 854 3866 obstinet,
880 3805 940 3852 nou
963 3788 1028 3852 tem
1050 3786 1129 3850 ratio
1152 3784 1292 3851 Pollucis

165 3890 198 3952 in
221 3889 306 3954 fonte
329 3890 517 3972 excerpendo
539 3889 664 3955 aliunde
685 3891 767 3967 nole,
798 3909 890 3974 quern
923 3908 959 3955 ee
987 3907 1045 3968 res,
1078 3886 1159 3970 quod
1192 3886 1295 3974 κημὸς

166 3993 197 4056 el
221 3992 370 4077 ἀμφορεῖς
390 3989 469 4058 item
492 3994 584 4076 etque
605 3993 637 4057 in
661 3993 757 4058 sohel.
780 3993 1005 4077 Aristophaneo
1026 3991 1109 4056 inter
1130 4008 1197 4056 sese
1219 4008 1293 4055 oon·

165 4095 338 4178 junguntur
359 4098 391 4161 el
412 4114 470 4161 vox
493 4095 587 4171 αῦύις
607 4094 772 4178 respondet
794 4096 943 4161 vocabulo
966 4098 1095 4180 ῦστερον
1116 4095 1150 4158 in
1165 4092 1292 4158 scholio.

166 4197 285 4264 Deinde
316 4217 387 4264 oum
409 4199 522 4265 Pollux
552 4218 568 4264 e
600 4192 767 4266 scholiasta
789 4200 855 4264 sine
879 4199 972 4266 dubio
994 4218 1056 4266 non
1079 4196 1226 4277 hauserit,
1257 4214 1294 4260 ue
