2924 4928
624 350 829 452 ...3-2-

166 560 250 644 chr.)
283 561 343 623 dou
370 559 404 624 ἐν
427 568 490 634 τοῖς
513 557 647 642 μέρεσιν,
682 557 911 643 ἀνεγίγνωσκεν
933 558 972 621 ἐν
996 567 1050 621 τοῦ
1072 556 1191 644 βιβλίου
1205 555 1231 642 ¹)
1264 558 1296 623 et

166 666 289 730 nostrae
321 662 501 740 sententiae,
534 662 736 727 Aristotelem
767 663 798 725 in
830 663 887 726 hac
917 665 1005 744 parte
1032 662 1194 744 elegibus
1216 663 1296 744 ipsis

165 766 306 849 pendere,
330 767 461 830 maxime
484 765 577 830 favet.
622 763 689 843 Quo
712 764 831 831 accedit
854 765 931 830 alter
953 765 1039 830 locus
1062 763 1148 829 43.6
1170 782 1190 828 a
1212 763 1296 829 Fou-

166 869 297 953 cartio²l
322 870 456 946 notatus,
489 869 542 933 ubi
565 868 709 933 similiter
731 868 931 934 Aristotelem
954 869 993 934 ab
1016 868 1133 934 usitata
1155 867 1294 932 oratioue

166 973 337 1055 discrepare
362 971 512 1036 videmus.
556 971 632 1036 Dico
657 973 694 1035 de
711 972 812 1036 verbis
836 970 905 1055 τρία
920 970 1010 1055 ἱερῶν
1025 968 1233 1057 χρηματίζειν

167 1074 235 1160 τρία
257 1075 292 1138 δὲ
306 1074 399 1139 ὁσίων
423 1094 476 1156 pro
492 1073 561 1157 cpia
584 1076 679 1158 περὶ
703 1073 791 1158 ἱερῶν
813 1073 1021 1160 χρηματίζειν
1036 1121 1043 1136 .
1060 1121 1067 1137 .
1084 1121 1091 1137 .
1106 1072 1177 1157 τρία
1199 1074 1296 1156 περὶ

167 1179 259 1244 ὁσίων
280 1179 399 1262 positis,
432 1197 511 1260 quae
542 1197 602 1242 non
634 1178 858 1261 intelleguntur
880 1179 940 1243 uisi
962 1198 979 1244 e
1002 1195 1140 1244 sermone
1162 1175 1295 1260 inscrip-

165 1283 295 1347 tionum.
350 1279 507 1362 Exemplis
535 1279 739 1346 allouoartio
771 1281 909 1345 collectis
934 1281 1024 1363 plura
1046 1279 1160 1345 addere
1183 1296 1294 1362 possu-

166 1407 246 1465 mus,
268 1405 346 1469 quae
369 1383 631 1467 Meisterhauns³)
663 1383 700 1448 de
732 1383 789 1449 hac
820 1402 853 1448 re
876 1383 1041 1467 congessit.
1085 1383 1188 1448 Huius
1209 1382 1294 1448 modi

165 1508 263 1573 genus
295 1487 415 1553 dicendi
447 1488 528 1569 apud
550 1487 754 1553 Aristotelem
777 1489 1004 1570 philosophum
1026 1486 1141 1552 frustra
1163 1504 1294 1569 quaeres

165 1611 261 1675 neque
283 1610 428 1674 quaerere
460 1591 560 1669 debes,
593 1592 626 1656 at
655 1591 794 1656 invenies
826 1590 909 1673 apud
932 1591 1134 1657 Aristotelem
1170 1593 1294 1656 histori-

167 1715 237 1760 cum
271 1695 379 1778 (30.5
410 1702 531 1779 πρῶτον
560 1695 615 1779 μὲν
637 1693 768 1778 ἱερῶν..
785 1741 815 1758 ..
844 1692 992 1777 τέταρτον
1024 1692 1227 1779 τῶνᾶλλων)
1262 1695 1294 1758 et

166 1817 226 1875 eos,
251 1797 303 1879 qui
325 1797 357 1860 in
379 1796 501 1880 legibus
525 1796 666 1860 nituntur
689 1795 815 1879 (Aesch.
839 1796 863 1860 Ι.
882 1793 923 1858 23
946 1795 963 1858 ὁ
986 1794 1086 1881 κῆρυξ
1218 1817 1293 1880 προ-

167 1909 357 1984 χειροτονεῖν
398 1899 521 1963 cereso
552 1901 623 1975 τοὺς
654 1897 819 1983 προέδρους
848 1901 920 1982 περὶ
951 1898 1039 1983 ἱερῶν
1070 1906 1132 1963 τῶν
1157 1897 1297 1983 πατρίων

167 2005 222 2064 καὶ
244 2001 354 2086 κήρυξι
377 2005 432 2066 καὶ
454 2001 628 2088 πρεσβείαις
651 2006 705 2066 καὶ
730 2001 903 2086 datast).

167 2293 191 2381 ξ
217 2292 254 2360 6.
299 2291 639 2381 Harpocrationis
662 2291 850 2380 glossam
883 2292 1046 2378 coacto
1079 2311 1161 2361 non
1193 2291 1296 2360 inte·

272 2416 389 2485 gram
414 2396 466 2465 ad
489 2415 567 2464 nos
591 2395 835 2484 pervenisse
858 2392 1083 2464 verisimile
1113 2396 1190 2464 est.

271 2585 367 2651 Aliud
383 2587 609 2669 argumentum,
634 2585 715 2667 quod
730 2584 938 2650 Wilamowilz
950 2583 975 2667 ⁵)
1000 2603 1036 2649 ex
1050 2583 1296 2667 Harpocratione

168 2690 267 2772 petiit,
303 2688 427 2771 majoris
459 2689 652 2754 auctoritatis
675 2708 742 2754 esse
764 2688 898 2753 videtur.
944 2687 1127 2754 Aristoteles
1150 2688 1233 2772 enim
1257 2689 1294 2754 de

168 2793 243 2875 Rep.
269 2792 343 2857 Ath.
377 2810 442 2871 cap.
476 2791 571 2855 54.2
603 2793 769 2875 diligenter
799 2794 939 2870 enarrat,
977 2792 1129 2874 quomodo
1161 2792 1294 2857 Athenis

168 2895 378 2976 uuusquisque
401 2895 601 2977 magistratus
627 2896 761 2960 rationes
792 2915 864 2960 suas
896 2895 935 2960 ad
966 2895 1096 2974 legistas
1124 2895 1292 2974 rettulerit,

168 2998 271 3079 ibique
288 2997 425 3075 annotat,
448 2997 568 3061 nullum
588 2999 806 3080 magistratum
829 2999 886 3063 hoc
908 2997 1009 3063 officio
1032 2998 1208 3080 exemptum
1226 3017 1296 3063 esse

169 3102 260 3181 atque
282 3099 413 3183 legistas
436 3100 516 3165 solos
540 3120 615 3179 esse,
647 3103 700 3183 qui
722 3101 856 3166 rationes
877 3101 949 3166 illas
971 3101 1142 3183 reciperent
1164 3103 1196 3165 et
1219 3119 1295 3165 cau·

170 3223 219 3268 sas
250 3204 320 3268 inde
352 3206 435 3268 ortas
467 3204 624 3286 judicibus
655 3205 822 3270 traderent.
876 3205 955 3269 Tum
986 3205 1049 3288 jam
1076 3202 1199 3287 judices
1231 3204 1293 3286 ipsi

169 3327 257 3372 suam
281 3308 390 3388 cuique
412 3326 463 3372 reo
483 3308 615 3372 multam
632 3308 755 3373 dicunt:
780 3306 969 3381 κλέπτοντες
992 3308 1022 3371 et
1044 3305 1127 3389 δῶρα
1142 3303 1294 3390 λαβόντες

171 3410 267 3475 multa
289 3410 480 3490 decemplici,
504 3409 624 3473 ἀδικίου
648 3411 842 3476 condemnati
865 3408 1009 3489 simplici,
1038 3409 1064 3474 si
1086 3409 1157 3473 ante
1181 3425 1295 3472 nonam

169 3513 343 3597 prytaniarn
366 3533 495 3595 poenam
516 3514 709 3590 exsolverint,
733 3514 760 3577 si
782 3514 893 3590 minus,
918 3511 1036 3594 duplici
1058 3511 1190 3594 pecunia
1212 3509 1297 3574 mul-

274 3856 299 3916 1)
318 3854 351 3906 ol.
370 3853 577 3906 Meisterhenns
597 3852 720 3904 Gramm.
746 3851 796 3904 der
814 3852 863 3904 att.
882 3849 988 3906 lnschr.
1007 3852 1017 3880 ²
1036 3868 1061 3920 p.
1084 3853 1138 3905 157.

272 3937 299 4006 2)
318 3940 415 3992 Revue
433 3939 467 3992 de
485 3938 639 4005 philologio
659 3938 732 3990 1894.
751 3952 776 4004 p.
795 3937 882 4006 adoll.

272 4026 299 4084 3)
319 4024 497 4077 Grammatik
516 4024 566 4077 der
583 4023 724 4078 attischeu
742 4023 919 4077 lnschriften.
939 4022 948 4052 ²
966 4038 992 4090 p.
1014 4023 1070 4076 168.

271 4113 299 4175 4)
318 4112 359 4164 sic
378 4100 455 4164 codd.
475 4111 611 4164 Beuseler
628 4110 669 4161 καὶ
687 4111 764 4162 ὁσίων
790 4112 855 4176 post
882 4110 959 4176 ἱερῶν
977 4113 1028 4160 τῶν
1045 4108 1161 4175 πατρίων
1188 4106 1296 4175 posuit,

170 4209 252 4261 quem
271 4195 353 4249 multi
372 4197 494 4249 editores
513 4197 604 4250 secuti
622 4196 696 4249 sunt.

272 4281 297 4349 5)
317 4283 333 4335 l.
352 4281 370 4335 l.
389 4282 443 4350 lp.
462 4284 513 4336 227
531 4297 595 4336 ann.
614 4282 655 4336 82.
