2924 4928
705 338 767 402 115

632 429 837 437 ———--

167 544 260 608 ctiam
292 543 496 626 propagatum
534 544 589 608 est.
644 543 680 606 In
709 543 818 625 primis
849 543 908 607 lex.
931 540 1001 625 Seg.
1036 541 1079 604 lV
1111 541 1232 625 glossae
1263 541 1291 605 ei

168 646 351 711 utilissimae
375 644 414 710 ad
437 646 610 727 fragmenta
632 646 723 712 lexici
746 645 914 711 Caeciliani
937 645 1072 710 eruenda
1102 643 1186 709 uisae
1208 645 1292 719 sunt,

166 752 197 814 et
219 767 291 814 cum
314 749 453 831 aliquam
475 749 715 815 similitudinem
736 750 817 814 iuter
836 749 954 816 scholia
976 748 1118 832 Gregorii
1140 747 1291 813 Corinthii

167 853 198 917 et
228 851 348 932 glossas
381 850 506 928 Suidae,
539 852 824 934 lexicographorum
856 849 1164 935 SeguerianorumV
1195 851 1226 914 et
1248 850 1293 914 IV

167 953 456 1032 animadvertisset,
494 954 769 1032 inconsideratius,
801 973 894 1036 quam
927 954 1064 1031 decebat,
1096 953 1189 1017 etiam
1220 951 1291 1017 inde

168 1057 248 1122 bona
264 1057 441 1122 Caeciliana
457 1077 489 1122 se
505 1057 764 1140 locupletaturum
783 1077 849 1123 esse
865 1059 1011 1141 speravit.
1033 1058 1100 1122 lam
1110 1055 1292 1139 Stojentin¹)

167 1160 198 1224 in
221 1160 331 1225 subtili
353 1161 427 1225 libri
451 1162 638 1244 Boyseniani
660 1180 789 1226 censura
810 1180 873 1240 eos,
905 1161 957 1243 qui
980 1161 1034 1225 bas
1057 1179 1106 1224 res
1128 1158 1292 1225 tractaturi

167 1263 250 1341 sunt,
289 1263 365 1328 satis
388 1264 493 1346 aperte
524 1265 653 1344 monuit,
688 1285 726 1329 ne
757 1283 847 1347 porro
877 1264 993 1328 talibus
1025 1264 1057 1328 in
1088 1262 1212 1346 scriptis
1243 1262 1291 1327 ni-

167 1367 315 1431 terentur.
360 1367 478 1432 Tamen
501 1367 645 1432 Wentzel
666 1368 759 1433 rerba
782 1367 1006 1450 Stojentiniana
1028 1370 1082 1434 aut
1096 1365 1292 1451 neglegentia

167 1468 329 1548 praeteriit
350 1472 406 1534 aut
428 1470 589 1554 neglegere
611 1471 718 1537 uoluit.
764 1470 797 1535 Si
815 1471 898 1535 enim
913 1471 1031 1536 scholia
1046 1469 1292 1552 Hermogeniana

168 1588 239 1635 cum
262 1573 409 1654 opusculo
432 1573 530 1639 Psclli
553 1582 770 1656 comparasset,
794 1593 866 1639 cum
880 1593 1049 1656 numquam
1064 1572 1291 1638 affirmaturum

167 1673 263 1738 fnisse
294 1675 401 1753 oredo,
445 1675 628 1758 Gregorium
660 1677 853 1742 Corinthium
886 1676 983 1741 lexico
1016 1675 1202 1759 Segueriauo
1237 1672 1289 1748 iv,

168 1775 259 1856 quale
281 1775 372 1842 hodie
396 1780 537 1857 exstaret,
561 1779 582 1844 i.
606 1799 632 1844 e.
654 1781 767 1862 glossis
781 1780 839 1844 lex.
857 1778 972 1862 Seg.V
994 1778 1179 1860 interpolato
1201 1785 1291 1841 usum
1348 1780 1350 1784 ‘

168 1896 244 1942 esse.
289 1878 368 1944 Mihi
392 1882 526 1963 quidem¹
541 1883 695 1968 Stojentin
709 1885 779 1948 luce
797 1885 908 1949 clarius
921 1883 1083 1966 persuasit,
1108 1881 1292 1965 Gregoriunr

169 1979 363 2075 Corinthium
386 1985 425 2049 ad
448 2004 538 2050 voces
561 1989 617 2049 καὶ
631 1988 652 2073 ἡ
668 1987 853 2073 εἰσαγγελία
877 1987 968 2072 καὶὴ
986 1986 1079 2070 φάσις
1094 1986 1291 2069 explicandas

170 2086 306 2150 libellum
331 2089 424 2152 Paulli
448 2110 465 2153 a
481 2089 501 2175 ξ
516 2094 540 2154 4
558 2110 658 2174 usque
674 2092 713 2155 ad
737 2093 755 2174 ἓ
770 2095 806 2158 21
828 2092 867 2156 ad
884 2093 1012 2156 verbum
1026 2091 1292 2172 transcripsisse,

169 2189 291 2253 omissis
314 2189 437 2255 tantum
461 2192 569 2275 primis
592 2195 610 2277 ἓ
632 2195 653 2256 4
675 2194 787 2270 uerbis,
810 2195 881 2276 quia
896 2195 1184 2275 interpretationem
1208 2191 1292 2256 uocis

168 2290 352 2375 εἰσαγγελία
368 2294 446 2358 nibil
461 2295 651 2378 adjuvarent,
673 2299 740 2362 totu
755 2299 773 2380 ἓ
788 2298 818 2376 5,
834 2297 906 2379 quia
921 2295 1123 2382 εἰσαγγελίαν
1139 2298 1171 2361 et
1186 2295 1290 2380 φάσιν,

167 2412 245 2474 quae
269 2394 417 2478 Gregorio
441 2398 597 2465 Corinthio
619 2401 777 2484 inprimis
799 2400 1008 2484 explanandae
1032 2405 1142 2479 essent,
1167 2400 1288 2485 ebbbrp

169 2498 423 2582 interrumperet,
456 2503 586 2586 denique
616 2505 705 2570 initio
740 2505 758 2587 ξ
790 2503 822 2580 9,
854 2523 913 2586 quo
945 2504 1048 2586 agitur
1079 2504 1116 2569 de
1138 2503 1290 2580 tribubus,

169 2603 269 2686 pagis
291 2605 437 2687 phratriis
460 2607 573 2685 atticis,
606 2607 794 2691 adrogorio
818 2607 975 2673 Corinthio
1007 2609 1118 2689 spreto,
1151 2607 1223 2689 quia
1255 2607 1292 2670 de

170 2707 271 2771 causis
308 2710 430 2773 tautum
469 2712 572 2776 atticis
610 2730 750 2776 enarrare
787 2711 974 2778 decrevisset
997 2714 1020 2795 l.
1078 2711 1216 2775 Eandem
1253 2711 1291 2775 ob

171 2828 297 2874 oausam
321 2831 397 2894 opus
419 2813 661 2879 transscribendi
684 2816 803 2880 claudit
824 2835 897 2882 voce
919 2815 1087 2902 ἐπωβελ[α;
1116 2834 1187 2880 nem
1204 2814 1292 2897 apud

169 2911 264 2977 Micb.
289 2913 429 2979 Pscllum
451 2919 622 2998 posthanc
645 2919 901 3000 significationem
923 2920 1077 3003 legimus:
1101 2919 1218 3004 τὰμὲν
1239 2919 1292 2982 οὖν

169 3023 232 3079 τῶν
254 3015 348 3081 δικῶν
370 3017 509 3103 ὀνόματα
532 3021 645 3106 σχεδὸν
677 3032 817 3086 τοιαῦτα.
865 3023 1025 3106 Eligamus
1056 3024 1200 3104 insuper,
1233 3022 1292 3087 etsi

170 3137 230 3182 non
262 3137 339 3203 opus
371 3122 435 3200 est,
469 3125 593 3204 quasvis
624 3126 793 3207 particulas
825 3145 842 3190 e
873 3127 980 3208 prima,
1015 3125 1125 3203 media,
1158 3127 1293 3190 extrema

170 3223 330 3306 utriusque
363 3225 435 3290 libri
467 3229 615 3309 partibus,
668 3229 733 3294 lam
766 3231 798 3293 in
831 3232 988 3294 aeternum
1021 3228 1137 3294 scholia
1166 3228 1223 3292 illa
1253 3229 1292 3292 ab

171 3326 297 3408 antiqua
321 3329 460 3394 doctrina
482 3330 671 3397 alienissima
694 3352 710 3398 c
734 3333 887 3398 similibus
911 3332 1171 3415 disputationibus
1187 3332 1291 3396 evani-

169 3430 240 3494 tura
263 3449 329 3496 esse
352 3452 449 3515 spero.

172 3688 428 3697 ψ.

275 3875 302 3942 1)
320 3874 402 3928 dhbb.
421 3874 467 3928 tiir
483 3873 583 3928 Philol.
607 3875 661 3927 119.
682 3875 748 3928 1879
767 3889 792 3941 p.
813 3873 871 3927 120.

273 3980 300 4045 2)
322 3979 406 4046 Greg.
426 3977 487 4033 (ior.
508 3980 549 4032 ed.
569 3979 657 4034 Wala.
677 3979 727 4033 Rb.
746 3994 787 4046 gr.
807 3979 864 4034 Vll.
883 3994 909 4047 p.
929 3979 1004 4032 1119.
1024 3977 1040 4028 9
1058 3977 1116 4029 ἐπεὶ
1134 3977 1165 4028 δὲ
1183 3980 1198 4030 ὁ
1216 3976 1296 4046 λόγος

170 4064 299 4132 περὶτῶν
317 4065 390 4133 παρὰ
408 4062 533 4124 Ἀττικοῖς
558 4065 643 4132 δικῶν,
673 4065 719 4117 οὐκ
749 4064 855 4133 ἄκαιρον
885 4065 926 4116 καὶ
953 4063 1039 4116 ἄλλων
1068 4068 1143 4115 τινῶν
1169 4063 1292 4115 τοιούτων

171 4151 306 4215 ὀνομάτων
325 4152 523 4220 ἐπιμνησθῆναι.

1110 4353 1139 4406 8.
