2924 4928
755 357 818 420 118

221 563 343 627 tentum
366 562 536 641 contrahat
568 562 623 628 ille
645 565 751 629 centra
772 563 871 631 libere
903 582 958 629 suc
980 563 1096 648 judicie
1127 583 1248 645 semper
1271 583 1347 629 usus

221 666 320 730 estet
342 683 399 729 sna
419 664 538 754 ratione
560 664 600 729 ad
623 663 725 732 fontes
748 685 819 732 sues
842 666 982 745 accessit,
1006 665 1041 731 nt
1064 666 1186 748 saepius
1219 666 1347 732 difficile

222 768 264 832 sit
286 787 341 850 per
364 769 506 833 amatum
531 769 736 852 Byzantinum
768 769 922 835 medullas
954 770 1164 852 introspicere.
1209 771 1253 834 At
1275 789 1347 834 cnm

222 889 282 934 non
306 888 427 952 semper
449 869 597 935 Michecli
619 871 792 955 contigerit,
824 873 859 937 ut
881 872 957 936 satis
980 873 1057 936 bene
1080 871 1197 935 sentem
1220 872 1345 948 celaret,

221 974 378 1038 interdum
400 973 476 1038 haee
506 974 635 1055 antique
658 974 797 1040 doctrina
820 994 875 1056 per
896 977 1050 1039 recentem
1078 975 1227 1039 vestitum
1249 976 1348 1040 inter-

221 1077 312 1141 lucet.
360 1078 391 1141 Si
415 1077 496 1141 enim
519 1077 788 1158 interpretationes
819 1097 923 1143 rerum
950 1077 1148 1162 judicialium
1180 1078 1211 1141 et
1242 1079 1346 1160 publi·

222 1200 330 1246 carum
367 1181 551 1260 atticarum,
590 1182 795 1264 quasxPsclle
820 1182 986 1261 debemus,
1019 1200 1242 1263 comparamus,
1275 1201 1347 1247 curn

221 1283 335 1349 Suidee
358 1283 479 1366 glossis,
503 1284 563 1348 hue
586 1284 819 1366 pertinentibus,
851 1286 951 1350 facere
974 1303 1033 1349 nen
1065 1303 1239 1366 pessumus,
1272 1286 1346 1368 quin

221 1386 431 1464 confiteamur,
454 1387 588 1451 similem
612 1385 725 1452 lentem
749 1388 853 1452 Psalle
877 1390 997 1470 praesto
1030 1388 1134 1452 fuisse.
1179 1387 1229 1452 Ad
1253 1407 1344 1470 quem

224 1509 289 1555 rem
312 1489 584 1555 demonstrandam
602 1510 700 1573 pauca
717 1491 795 1555 mihi
812 1491 957 1573 ,exempla
972 1491 1078 1556 afferre
1094 1491 1197 1569 liceat,
1220 1492 1347 1574 quibus-

222 1612 292 1658 cum
315 1610 508 1675 componam,
541 1594 567 1658 si
600 1594 673 1675 quid
705 1595 817 1658 similis
849 1595 1024 1677 argumenti
1055 1594 1095 1659 ed
1126 1595 1346 1660 conferendam

220 1696 299 1762 utile
321 1697 352 1761 in
375 1697 446 1761 aliis
468 1697 575 1761 lexicis
599 1697 758 1763 rhetoricis
781 1698 893 1763 inveni.

236 1818 333 1883 mich.
359 1819 455 1884 Peell.
480 1819 498 1901 ξ
521 1821 561 1881 lc.
582 1815 687 1920 jSuid,
712 1837 740 1987 ῆ
760 1838 796 1967 gt.
830 1816 956 1902 διαγρα-
986 1818 1143 1901 lewes.
1160 1817 1206 1882 Ν.
1224 1820 1288 1883 186.
1304 1820 1344 1883 le.

692 1925 713 1986 φ
789 1925 861 1988 κῶς·

222 2023 379 2108 διαγραφῆ
398 2021 578 2106 δὲὴἀπαλ-
598 2023 674 2086 ὅταν
702 2022 877 2107 ἀπαλλαγῇ
902 2031 957 2086 τοῦ
984 2023 1182 2109 διαγραφῆν·
1217 2025 1253 2086 τὸ
1286 2023 1345 2086 ἀτ-

222 2126 307 2210 λαγῆ
332 2135 389 2210 τῆς
404 2123 495 2211 δίκης
510 2125 579 2189 ἐλέ-
598 2123 801 2210 ἐγκλήματος
834 2126 850 2189 ὁ
885 2127 958 2210 <pcd-
985 2127 1155 2212 ηλλάχδαι
1196 2135 1250 2190 τοῦ
1292 2127 1345 2211 ἐγ-

220 2250 307 2313 γετσ.
597 2248 674 2310 γων,
695 2229 766 2312 ἠτοι
780 2231 866 2293 κατὰ
882 2250 958 2314 συγ·
986 2229 1149 2316 κλήματος
1179 2232 1233 2294 τδν
1270 2230 1346 2313 φεύ-

598 2331 739 2418 χῶρησιν
761 2341 815 2407 τοῦ
831 2331 958 2396 διῶκον-
984 2334 1163 2418 γονταῆτοι
1173 2335 1258 2395 κατὰ
1268 2353 1345 2416 συγ-

599 2457 662 2518 τος,
686 2436 708 2518 ἢ
729 2438 814 2498 κατὰ
828 2435 958 2520 διάγνω-
986 2434 1343 2522 χώρησιντοῠέγκλὴ...

599 2560 645 2603 σιν
656 2538 817 2622 τυχόντας,
835 2541 959 2624 καὶμη-

601 2641 669 2705 κέτι
706 2644 791 2725 παρὰ
830 2641 959 2726 μηδενὸς

599 2743 958 2829 ἐγκαλῆται,διαγραφῆ

599 2845 689 2931 δίκης
710 2845 850 2931 λέγεται.

221 3071 321 3153 ὥςπερ
357 3067 445 3153 λῆξις
475 3067 578 3154 δίκης,
625 3069 710 3133 snm.
735 3090 761 3136 s.
785 3091 815 3137 ν.
840 3068 930 3154 λῆξιν
1017 3071 1106 3135 Phot.
1129 3088 1154 3132 s.
1178 3088 1206 3132 v.
1229 3066 1320 3151 λῆξιν

221 3175 256 3235 τὸ
279 3171 492 3255 καταγγεῖλαι
514 3171 579 3256 κρί-
724 3154 825 3242 δίκης·
1120 3154 1219 3238 δίκης·

222 3297 270 3340 σιν
314 3282 376 3339 τῶν
420 3275 581 3339 ἰδιωτικῶν
600 3276 655 3337 καὶ
670 3273 783 3359 λαχεῖν
798 3273 902 3361 δίκην,
923 3278 958 3338 τὸ
985 3275 1041 3336 καὶ
1055 3272 1168 3357 λαχεῖν
1178 3270 1286 3357 δίκην·
1308 3274 1345 3335 τὸ

221 3375 500 3456 ὑποθέσεωνὲῢ.
526 3379 580 3442 καί
599 3376 812 3461 καταγγεῖλαι
860 3376 959 3461 κρίσιν
986 3375 1199 3460 καταγγεῖλαι
1243 3373 1344 3459 κρίσιν

221 3479 334 3565 λαχεῖν
358 3482 413 3565 μὲν
435 3479 527 3568 δίκην
545 3484 581 3545 τδ
600 3480 761 3546 ἰδιωτικῶν
814 3480 958 3565 πραγμά-
986 3479 1148 3542 ἰδιωτικῶν
1198 3478 1345 3563 πραγμά-

221 3581 350 3667 πρῶτως
393 3595 576 3649 κατειπεῖν.
599 3604 660 3647 των
683 3581 770 3666 φασί.
799 3585 834 3646 τδ
857 3582 884 3646 δ’
906 3585 958 3647 ἀν·
985 3602 1047 3646 των
1084 3580 1197 3664 φασίν.
1237 3583 1273 3644 τὸ
1311 3581 1346 3644 δὲ

221 3684 403 3771 ἀντιλαχεῖν
413 3687 448 3750 δὲ
457 3690 492 3751 τὸ
508 3689 579 3753 ἀντ·
598 3685 785 3768 τικαλέσαι,
832 3686 958 3751 ἀντιλα-
985 3682 1191 3748 ἀντικαλὲσαι
1219 3683 1345 3748 ἀντιλα·

221 3788 445 3874 εγκληδῆναι·
479 3793 515 3854 τὸ
546 3791 579 3853 δὲ
598 3797 680 3872 χεῖν.
716 3791 751 3852 τὸ
782 3789 817 3852 δὲ
848 3788 958 3854 διανεί-
985 3795 1075 3871 χεῖν·
1101 3788 1136 3849 τὸ
1168 3786 1203 3848 δὲ
1234 3786 1345 3851 διανεί-

221 3890 385 3976 διαλαχεῖν
425 3894 485 3956 οὐκ
528 3893 580 3956 ἐπὶ
599 3891 722 3975 μασθαι
793 3891 956 3977 χρήματα,
986 3889 1109 3974 μασθαι
1119 3888 1271 3974 χρήματα
1279 3889 1345 3952 δια-

220 4001 282 4058 τῶν
313 3994 408 4060 δικῶν
435 3995 576 4080 λέγεται,
598 3995 776 4080 διαλαχεῖν.
985 3991 1111 4077 λαχεῖν.
1261 4041 1263 4045 ,

220 4095 292 4160 ἀλλ’
324 4095 376 4160 ἐπὶ
402 4099 574 4184 χρημάτων
985 4096 1038 4177 (ad
1054 4115 1160 4161 vocem
1178 4094 1345 4179 διαλαχεῖν

220 4198 442 4285 διανεμήσεως.
985 4200 1023 4264 cf.
1039 4200 1134 4264 etiam
1146 4198 1345 4281 lex.ch.lV.

969 4279 1056 4382 trec.
1080 4302 1148 4382 τι.)
