<?xml version="1.0" encoding="UTF-8"?>
<!DOCTYPE html PUBLIC "-//W3C//DTD XHTML 1.0 Transitional//EN"
    "http://www.w3.org/TR/xhtml1/DTD/xhtml1-transitional.dtd">
<html xmlns="http://www.w3.org/1999/xhtml" xml:lang="en" lang="en">
 <head>
  <title>
</title>
<meta http-equiv="Content-Type" content="text/html;charset=utf-8" />
  <meta name='ocr-system' content='tesseract 3.04.00' />
  <meta name='ocr-capabilities' content='ocr_page ocr_carea ocr_par ocr_line ocrx_word'/>
</head>
<body>
  <div class='ocr_page' id='page_1' title='image "./dearistotelispo00bursgoog_0146.png"; bbox 0 0 2924 4928; ppageno 0'>
   <div class='ocr_carea' id='block_1_1' title="bbox 707 293 761 358">
    <p class='ocr_par' dir='ltr' id='par_1_1' title="bbox 707 293 761 358">
     <span class='ocr_line' id='line_1_1' title="bbox 707 293 761 358; baseline -0.019 0"><span class='ocrx_word' id='word_1_1' title='bbox 707 293 761 358; x_wconf 78' lang='lat'>121</span> 
     </span>
    </p>
   </div>
   <div class='ocr_carea' id='block_1_2' title="bbox 170 499 1296 2329">
    <p class='ocr_par' dir='ltr' id='par_1_2' title="bbox 170 499 1296 1706">
     <span class='ocr_line' id='line_1_2' title="bbox 171 499 1295 584; baseline -0.002 -19"><span class='ocrx_word' id='word_1_2' title='bbox 171 520 239 565; x_wconf 88' lang='lat' dir='ltr'>eem</span> <span class='ocrx_word' id='word_1_3' title='bbox 262 500 385 566; x_wconf 90' lang='lat' dir='ltr'>Psellus</span> <span class='ocrx_word' id='word_1_4' title='bbox 410 502 442 583; x_wconf 57' lang='grc' dir='ltr'>(ᾗ</span> <span class='ocrx_word' id='word_1_5' title='bbox 465 500 521 584; x_wconf 82' lang='grc'>31)</span> <span class='ocrx_word' id='word_1_6' title='bbox 546 499 752 582; x_wconf 78' lang='lat' dir='ltr'>diligentiora,</span> <span class='ocrx_word' id='word_1_7' title='bbox 776 517 868 580; x_wconf 87' lang='lat' dir='ltr'>quarn</span> <span class='ocrx_word' id='word_1_8' title='bbox 892 517 970 580; x_wconf 89' lang='lat' dir='ltr'>quae</span> <span class='ocrx_word' id='word_1_9' title='bbox 992 499 1083 563; x_wconf 92' lang='lat' dir='ltr'>homo</span> <span class='ocrx_word' id='word_1_10' title='bbox 1106 500 1295 582; x_wconf 84' lang='lat' dir='ltr'>Byzantinao</span> 
     </span>
     <span class='ocr_line' id='line_1_3' title="bbox 172 602 1295 687; baseline -0.002 -19"><span class='ocrx_word' id='word_1_11' title='bbox 172 604 284 670; x_wconf 84' lang='lat' dir='ltr'>aetatis</span> <span class='ocrx_word' id='word_1_12' title='bbox 300 605 377 669; x_wconf 89' lang='lat' dir='ltr'>seire</span> <span class='ocrx_word' id='word_1_13' title='bbox 392 605 507 687; x_wconf 77' lang='lat' dir='ltr'>posset,</span> <span class='ocrx_word' id='word_1_14' title='bbox 530 604 570 667; x_wconf 90' lang='lat' dir='ltr'>de</span> <span class='ocrx_word' id='word_1_15' title='bbox 585 605 698 686; x_wconf 86' lang='lat' dir='ltr'>trittyis</span> <span class='ocrx_word' id='word_1_16' title='bbox 715 605 886 683; x_wconf 72' lang='lat' dir='ltr'>maritimis,</span> <span class='ocrx_word' id='word_1_17' title='bbox 905 602 1151 682; x_wconf 87' lang='lat' dir='ltr'>mediterraneis,</span> <span class='ocrx_word' id='word_1_18' title='bbox 1170 606 1295 668; x_wconf 88' lang='lat' dir='ltr'>urbanis</span> 
     </span>
     <span class='ocr_line' id='line_1_4' title="bbox 173 704 1295 790; baseline -0.001 -19"><span class='ocrx_word' id='word_1_19' title='bbox 173 707 376 772; x_wconf 80' lang='lat' dir='ltr'>aclisthene</span> <span class='ocrx_word' id='word_1_20' title='bbox 399 708 570 790; x_wconf 72' lang='lat' dir='ltr'>dispertitis</span> <span class='ocrx_word' id='word_1_21' title='bbox 593 707 708 782; x_wconf 79' lang='lat' dir='ltr'>narrat,</span> <span class='ocrx_word' id='word_1_22' title='bbox 740 704 851 770; x_wconf 86' lang='lat' dir='ltr'>Suidas</span> <span class='ocrx_word' id='word_1_23' title='bbox 873 706 1074 769; x_wconf 77' lang='lat' dir='ltr'>Aristotelem</span> <span class='ocrx_word' id='word_1_24' title='bbox 1105 706 1218 770; x_wconf 88' lang='lat' dir='ltr'>testem</span> <span class='ocrx_word' id='word_1_25' title='bbox 1240 706 1295 770; x_wconf 85' lang='lat' dir='ltr'>ad-</span> 
     </span>
     <span class='ocr_line' id='line_1_5' title="bbox 173 807 1295 894; baseline -0.002 -21"><span class='ocrx_word' id='word_1_26' title='bbox 173 811 308 875; x_wconf 75' lang='lat' dir='ltr'>notavit:</span> <span class='ocrx_word' id='word_1_27' title='bbox 333 809 463 894; x_wconf 79' lang='grc' dir='ltr'>Τριττὺς</span> <span class='ocrx_word' id='word_1_28' title='bbox 484 810 526 892; x_wconf 89' lang='lat' dir='ltr'>gl.</span> <span class='ocrx_word' id='word_1_29' title='bbox 554 810 589 872; x_wconf 87' lang='lat' dir='ltr'>l:</span> <span class='ocrx_word' id='word_1_30' title='bbox 613 807 716 892; x_wconf 70' lang='grc' dir='ltr'>φυλῆς</span> <span class='ocrx_word' id='word_1_31' title='bbox 740 807 829 893; x_wconf 81' lang='grc' dir='ltr'>μέρος</span> <span class='ocrx_word' id='word_1_32' title='bbox 845 807 958 892; x_wconf 85' lang='grc' dir='ltr'>τρίτον.</span> <span class='ocrx_word' id='word_1_33' title='bbox 976 811 1058 893; x_wconf 82' lang='grc' dir='ltr'>αὕτη</span> <span class='ocrx_word' id='word_1_34' title='bbox 1073 811 1135 892; x_wconf 81' lang='grc' dir='ltr'>γὰρ</span> <span class='ocrx_word' id='word_1_35' title='bbox 1150 807 1295 894; x_wconf 75' lang='grc' dir='ltr'>διῄρηται</span> 
     </span>
     <span class='ocr_line' id='line_1_6' title="bbox 171 908 1295 998; baseline 0.001 -23"><span class='ocrx_word' id='word_1_36' title='bbox 171 913 214 989; x_wconf 86' lang='grc' dir='ltr'>εἰς</span> <span class='ocrx_word' id='word_1_37' title='bbox 236 911 306 996; x_wconf 81' lang='grc' dir='ltr'>τρία</span> <span class='ocrx_word' id='word_1_38' title='bbox 328 912 419 998; x_wconf 83' lang='grc' dir='ltr'>μέρη,</span> <span class='ocrx_word' id='word_1_39' title='bbox 444 921 564 995; x_wconf 80' lang='grc' dir='ltr'>τριττῦς</span> <span class='ocrx_word' id='word_1_40' title='bbox 587 915 643 975; x_wconf 79' lang='grc' dir='ltr'>καί</span> <span class='ocrx_word' id='word_1_41' title='bbox 665 913 746 996; x_wconf 72' lang='grc' dir='ltr'>ἔθνη</span> <span class='ocrx_word' id='word_1_42' title='bbox 770 914 824 974; x_wconf 82' lang='grc' dir='ltr'>καὶ</span> <span class='ocrx_word' id='word_1_43' title='bbox 840 910 1000 995; x_wconf 78' lang='grc' dir='ltr'><strong>φρατρίας,</strong></span> <span class='ocrx_word' id='word_1_44' title='bbox 1026 911 1076 987; x_wconf 87' lang='grc' dir='ltr'>ὡς</span> <span class='ocrx_word' id='word_1_45' title='bbox 1099 912 1137 976; x_wconf 89' lang='grc' dir='ltr'>Ἀ</span> <span class='ocrx_word' id='word_1_46' title='bbox 1146 908 1295 996; x_wconf 70' lang='lat' dir='ltr'>&#39;prose-</span> 
     </span>
     <span class='ocr_line' id='line_1_7' title="bbox 172 1013 1296 1101; baseline -0.001 -23"><span class='ocrx_word' id='word_1_47' title='bbox 172 1013 302 1101; x_wconf 83' lang='grc' dir='ltr'>τέλης</span> <span class='ocrx_word' id='word_1_48' title='bbox 325 1014 441 1100; x_wconf 83' lang='grc' dir='ltr'>φησί.</span> <span class='ocrx_word' id='word_1_49' title='bbox 477 1015 660 1079; x_wconf 81' lang='lat' dir='ltr'>Aristoteles</span> <span class='ocrx_word' id='word_1_50' title='bbox 684 1034 702 1079; x_wconf 89' lang='lat' dir='ltr'>a</span> <span class='ocrx_word' id='word_1_51' title='bbox 725 1014 820 1078; x_wconf 85' lang='lat' dir='ltr'>Suida</span> <span class='ocrx_word' id='word_1_52' title='bbox 842 1015 924 1078; x_wconf 89' lang='lat' dir='ltr'>inter</span> <span class='ocrx_word' id='word_1_53' title='bbox 945 1014 1065 1097; x_wconf 84' lang='lat' dir='ltr'>glossas</span> <span class='ocrx_word' id='word_1_54' title='bbox 1088 1032 1159 1077; x_wconf 84' lang='lat' dir='ltr'>oum</span> <span class='ocrx_word' id='word_1_55' title='bbox 1182 1014 1296 1078; x_wconf 88' lang='lat' dir='ltr'>Pselli·</span> 
     </span>
     <span class='ocr_line' id='line_1_8' title="bbox 171 1117 1296 1184; baseline -0.001 -2"><span class='ocrx_word' id='word_1_56' title='bbox 171 1119 239 1183; x_wconf 89' lang='lat' dir='ltr'>anis</span> <span class='ocrx_word' id='word_1_57' title='bbox 262 1137 439 1184; x_wconf 81' lang='lat' dir='ltr'>communes</span> <span class='ocrx_word' id='word_1_58' title='bbox 464 1138 521 1184; x_wconf 95' lang='lat' dir='ltr'>non</span> <span class='ocrx_word' id='word_1_59' title='bbox 544 1120 690 1184; x_wconf 87' lang='lat' dir='ltr'>laudatur</span> <span class='ocrx_word' id='word_1_60' title='bbox 712 1119 771 1184; x_wconf 90' lang='lat' dir='ltr'>nisi</span> <span class='ocrx_word' id='word_1_61' title='bbox 795 1120 855 1182; x_wconf 86' lang='lat' dir='ltr'>hoo</span> <span class='ocrx_word' id='word_1_62' title='bbox 879 1138 939 1182; x_wconf 92' lang='lat' dir='ltr'>uno</span> <span class='ocrx_word' id='word_1_63' title='bbox 964 1121 1046 1182; x_wconf 82' lang='lat' dir='ltr'>loeo.</span> <span class='ocrx_word' id='word_1_64' title='bbox 1090 1117 1200 1182; x_wconf 90' lang='lat' dir='ltr'>Nonne</span> <span class='ocrx_word' id='word_1_65' title='bbox 1220 1118 1296 1182; x_wconf 84' lang='lat' dir='ltr'>haee</span> 
     </span>
     <span class='ocr_line' id='line_1_9' title="bbox 171 1221 1296 1310; baseline -0.001 -24"><span class='ocrx_word' id='word_1_66' title='bbox 171 1221 276 1287; x_wconf 85' lang='lat' dir='ltr'>omnia</span> <span class='ocrx_word' id='word_1_67' title='bbox 299 1242 353 1288; x_wconf 88' lang='lat' dir='ltr'>nos</span> <span class='ocrx_word' id='word_1_68' title='bbox 377 1242 499 1287; x_wconf 89' lang='lat' dir='ltr'>summa</span> <span class='ocrx_word' id='word_1_69' title='bbox 522 1241 592 1286; x_wconf 87' lang='lat' dir='ltr'>enm</span> <span class='ocrx_word' id='word_1_70' title='bbox 615 1223 646 1286; x_wconf 86' lang='lat' dir='ltr'>vi</span> <span class='ocrx_word' id='word_1_71' title='bbox 670 1223 795 1305; x_wconf 77' lang='lat' dir='ltr'>cogunt,</span> <span class='ocrx_word' id='word_1_72' title='bbox 829 1227 862 1286; x_wconf 87' lang='lat' dir='ltr'>ut</span> <span class='ocrx_word' id='word_1_73' title='bbox 885 1223 1071 1286; x_wconf 89' lang='lat' dir='ltr'>hliehaelem</span> <span class='ocrx_word' id='word_1_74' title='bbox 1092 1223 1232 1310; x_wconf 51' lang='lat' dir='ltr'>¹l&#39;setlum</span> <span class='ocrx_word' id='word_1_75' title='bbox 1256 1224 1296 1285; x_wconf 89' lang='lat' dir='ltr'>si-</span> 
     </span>
     <span class='ocr_line' id='line_1_10' title="bbox 173 1324 1296 1408; baseline 0.001 -21"><span class='ocrx_word' id='word_1_76' title='bbox 173 1324 245 1387; x_wconf 87' lang='lat' dir='ltr'>mtle</span> <span class='ocrx_word' id='word_1_77' title='bbox 267 1343 349 1406; x_wconf 91' lang='lat' dir='ltr'>opus</span> <span class='ocrx_word' id='word_1_78' title='bbox 372 1327 530 1408; x_wconf 71' lang='lat' dir='ltr'>evoluisse</span> <span class='ocrx_word' id='word_1_79' title='bbox 554 1327 657 1408; x_wconf 89' lang='lat' dir='ltr'>ibique</span> <span class='ocrx_word' id='word_1_80' title='bbox 680 1325 719 1388; x_wconf 90' lang='lat' dir='ltr'>ad</span> <span class='ocrx_word' id='word_1_81' title='bbox 744 1327 825 1389; x_wconf 90' lang='lat' dir='ltr'>huno</span> <span class='ocrx_word' id='word_1_82' title='bbox 841 1329 1002 1388; x_wconf 72' lang='lat' dir='ltr'>auctorem</span> <span class='ocrx_word' id='word_1_83' title='bbox 1020 1325 1198 1405; x_wconf 74' lang='lat' dir='ltr'>delegatum</span> <span class='ocrx_word' id='word_1_84' title='bbox 1223 1344 1296 1388; x_wconf 88' lang='lat' dir='ltr'>esse</span> 
     </span>
     <span class='ocr_line' id='line_1_11' title="bbox 170 1428 1295 1511; baseline 0.001 -21"><span class='ocrx_word' id='word_1_85' title='bbox 170 1430 363 1508; x_wconf 84' lang='lat' dir='ltr'>statuamus;</span> <span class='ocrx_word' id='word_1_86' title='bbox 387 1447 446 1510; x_wconf 86' lang='lat' dir='ltr'>qua</span> <span class='ocrx_word' id='word_1_87' title='bbox 471 1447 505 1492; x_wconf 89' lang='lat' dir='ltr'>re</span> <span class='ocrx_word' id='word_1_88' title='bbox 531 1431 684 1511; x_wconf 90' lang='lat' dir='ltr'>impulsus</span> <span class='ocrx_word' id='word_1_89' title='bbox 708 1431 816 1492; x_wconf 86' lang='lat' dir='ltr'>neseio</span> <span class='ocrx_word' id='word_1_90' title='bbox 840 1428 922 1491; x_wconf 88' lang='lat' dir='ltr'>unde</span> <span class='ocrx_word' id='word_1_91' title='bbox 955 1429 1091 1492; x_wconf 89' lang='lat' dir='ltr'>libellum</span> <span class='ocrx_word' id='word_1_92' title='bbox 1116 1429 1295 1510; x_wconf 75' lang='lat' dir='ltr'>philosophi</span> 
     </span>
     <span class='ocr_line' id='line_1_12' title="bbox 171 1529 1296 1614; baseline 0.002 -23"><span class='ocrx_word' id='word_1_93' title='bbox 171 1529 230 1592; x_wconf 90' lang='lat' dir='ltr'>sihi</span> <span class='ocrx_word' id='word_1_94' title='bbox 253 1531 415 1611; x_wconf 86' lang='lat' dir='ltr'>anquishrit</span> <span class='ocrx_word' id='word_1_95' title='bbox 437 1535 469 1594; x_wconf 89' lang='lat' dir='ltr'>et</span> <span class='ocrx_word' id='word_1_96' title='bbox 492 1549 532 1594; x_wconf 88' lang='lat' dir='ltr'>ex</span> <span class='ocrx_word' id='word_1_97' title='bbox 557 1533 627 1613; x_wconf 89' lang='lat' dir='ltr'>ipso</span> <span class='ocrx_word' id='word_1_98' title='bbox 650 1532 832 1610; x_wconf 75' lang='lat' dir='ltr'>Aristotele,</span> <span class='ocrx_word' id='word_1_99' title='bbox 857 1550 936 1614; x_wconf 88' lang='lat' dir='ltr'>quae</span> <span class='ocrx_word' id='word_1_100' title='bbox 960 1533 987 1594; x_wconf 90' lang='lat' dir='ltr'>ei</span> <span class='ocrx_word' id='word_1_101' title='bbox 1012 1549 1092 1613; x_wconf 89' lang='lat' dir='ltr'>opus</span> <span class='ocrx_word' id='word_1_102' title='bbox 1116 1549 1190 1593; x_wconf 88' lang='lat' dir='ltr'>esse</span> <span class='ocrx_word' id='word_1_103' title='bbox 1213 1530 1296 1593; x_wconf 88' lang='lat' dir='ltr'>uide-</span> 
     </span>
     <span class='ocr_line' id='line_1_13' title="bbox 172 1631 873 1706; baseline 0.01 -13"><span class='ocrx_word' id='word_1_104' title='bbox 172 1631 292 1706; x_wconf 83' lang='lat' dir='ltr'>bantur,</span> <span class='ocrx_word' id='word_1_105' title='bbox 317 1636 473 1696; x_wconf 89' lang='lat' dir='ltr'>mutuatus</span> <span class='ocrx_word' id='word_1_106' title='bbox 496 1633 571 1697; x_wconf 73' lang='lat' dir='ltr'>est?</span> <span class='ocrx_word' id='word_1_107' title='bbox 861 1634 873 1653; x_wconf 77' lang='lat'><em>&#39;</em></span> 
     </span>
    </p>

    <p class='ocr_par' dir='ltr' id='par_1_3' title="bbox 170 1733 1296 2329">
     <span class='ocr_line' id='line_1_14' title="bbox 275 1733 1296 1816; baseline 0.004 -21"><span class='ocrx_word' id='word_1_108' title='bbox 275 1733 384 1798; x_wconf 82' lang='lat' dir='ltr'>Simile</span> <span class='ocrx_word' id='word_1_109' title='bbox 408 1733 521 1799; x_wconf 87' lang='lat' dir='ltr'>Suidae</span> <span class='ocrx_word' id='word_1_110' title='bbox 544 1754 620 1816; x_wconf 91' lang='lat' dir='ltr'>opus</span> <span class='ocrx_word' id='word_1_111' title='bbox 644 1735 795 1816; x_wconf 88' lang='lat' dir='ltr'>magistro</span> <span class='ocrx_word' id='word_1_112' title='bbox 818 1734 1159 1816; x_wconf 82' lang='lat' dir='ltr'>Constantinopolitano</span> <span class='ocrx_word' id='word_1_113' title='bbox 1174 1734 1296 1816; x_wconf 88' lang='lat' dir='ltr'>praesto</span> 
     </span>
     <span class='ocr_line' id='line_1_15' title="bbox 170 1835 1294 1921; baseline 0.002 -23"><span class='ocrx_word' id='word_1_114' title='bbox 170 1835 269 1901; x_wconf 82' lang='lat' dir='ltr'>tuisse</span> <span class='ocrx_word' id='word_1_115' title='bbox 292 1837 364 1913; x_wconf 81' lang='lat' dir='ltr'>uixi,</span> <span class='ocrx_word' id='word_1_116' title='bbox 389 1857 447 1902; x_wconf 90' lang='lat' dir='ltr'>non</span> <span class='ocrx_word' id='word_1_117' title='bbox 471 1838 573 1921; x_wconf 90' lang='lat' dir='ltr'>ipsum</span> <span class='ocrx_word' id='word_1_118' title='bbox 599 1839 737 1903; x_wconf 77' lang='lat' dir='ltr'>Suidam.</span> <span class='ocrx_word' id='word_1_119' title='bbox 782 1841 867 1919; x_wconf 75' lang='lat' dir='ltr'>Quae</span> <span class='ocrx_word' id='word_1_120' title='bbox 890 1858 1002 1903; x_wconf 80' lang='lat' dir='ltr'>causae</span> <span class='ocrx_word' id='word_1_121' title='bbox 1025 1858 1084 1917; x_wconf 79' lang='lat' dir='ltr'>me,</span> <span class='ocrx_word' id='word_1_122' title='bbox 1108 1840 1143 1902; x_wconf 88' lang='lat' dir='ltr'>ut</span> <span class='ocrx_word' id='word_1_123' title='bbox 1164 1840 1229 1903; x_wconf 89' lang='lat' dir='ltr'>tarn</span> <span class='ocrx_word' id='word_1_124' title='bbox 1252 1838 1294 1900; x_wconf 87' lang='lat' dir='ltr'>ti·</span> 
     </span>
     <span class='ocr_line' id='line_1_16' title="bbox 173 1939 1292 2025; baseline 0.001 -22"><span class='ocrx_word' id='word_1_125' title='bbox 173 1939 255 2004; x_wconf 88' lang='lat' dir='ltr'>mide</span> <span class='ocrx_word' id='word_1_126' title='bbox 278 1944 484 2023; x_wconf 79' lang='lat' dir='ltr'>argumentor,</span> <span class='ocrx_word' id='word_1_127' title='bbox 509 1942 741 2017; x_wconf 83' lang='lat' dir='ltr'>commoverint,</span> <span class='ocrx_word' id='word_1_128' title='bbox 763 1943 871 2007; x_wconf 86' lang='lat' dir='ltr'>statim</span> <span class='ocrx_word' id='word_1_129' title='bbox 904 1944 1067 2025; x_wconf 89' lang='lat' dir='ltr'>proteram.</span> <span class='ocrx_word' id='word_1_130' title='bbox 1111 1941 1191 2007; x_wconf 88' lang='lat' dir='ltr'>Sunt</span> <span class='ocrx_word' id='word_1_131' title='bbox 1211 1942 1292 2005; x_wconf 87' lang='lat' dir='ltr'>enim</span> 
     </span>
     <span class='ocr_line' id='line_1_17' title="bbox 171 2041 1293 2128; baseline 0.002 -23"><span class='ocrx_word' id='word_1_132' title='bbox 171 2041 232 2106; x_wconf 87' lang='lat' dir='ltr'>loci</span> <span class='ocrx_word' id='word_1_133' title='bbox 254 2045 404 2121; x_wconf 79' lang='lat' dir='ltr'>nonnulli,</span> <span class='ocrx_word' id='word_1_134' title='bbox 428 2044 482 2108; x_wconf 90' lang='lat' dir='ltr'>uhi</span> <span class='ocrx_word' id='word_1_135' title='bbox 505 2045 627 2110; x_wconf 87' lang='lat' dir='ltr'>Psellus</span> <span class='ocrx_word' id='word_1_136' title='bbox 651 2044 801 2110; x_wconf 88' lang='lat' dir='ltr'>similiora</span> <span class='ocrx_word' id='word_1_137' title='bbox 822 2046 920 2110; x_wconf 81' lang='lat' dir='ltr'>lexico</span> <span class='ocrx_word' id='word_1_138' title='bbox 943 2045 1129 2128; x_wconf 88' lang='lat' dir='ltr'>Segueriano</span> <span class='ocrx_word' id='word_1_139' title='bbox 1151 2046 1179 2107; x_wconf 87' lang='lat' dir='ltr'><strong>V</strong></span> <span class='ocrx_word' id='word_1_140' title='bbox 1202 2063 1293 2126; x_wconf 81' lang='lat' dir='ltr'>prae·</span> 
     </span>
     <span class='ocr_line' id='line_1_18' title="bbox 172 2145 1292 2231; baseline 0.002 -23"><span class='ocrx_word' id='word_1_141' title='bbox 172 2145 243 2211; x_wconf 84' lang='lat' dir='ltr'>beat</span> <span class='ocrx_word' id='word_1_142' title='bbox 265 2159 359 2228; x_wconf 85' lang='lat' dir='ltr'>qnam</span> <span class='ocrx_word' id='word_1_143' title='bbox 383 2147 506 2229; x_wconf 78' lang='lat' dir='ltr'>Suidae,</span> <span class='ocrx_word' id='word_1_144' title='bbox 531 2149 568 2213; x_wconf 86' lang='lat' dir='ltr'>de</span> <span class='ocrx_word' id='word_1_145' title='bbox 599 2148 669 2212; x_wconf 90' lang='lat' dir='ltr'>aliis</span> <span class='ocrx_word' id='word_1_146' title='bbox 700 2150 904 2231; x_wconf 88' lang='lat' dir='ltr'>paragraphis</span> <span class='ocrx_word' id='word_1_147' title='bbox 934 2169 982 2213; x_wconf 84' lang='lat' dir='ltr'>ros</span> <span class='ocrx_word' id='word_1_148' title='bbox 1014 2146 1046 2212; x_wconf 91' lang='lat' dir='ltr'>in</span> <span class='ocrx_word' id='word_1_149' title='bbox 1078 2147 1171 2212; x_wconf 86' lang='lat' dir='ltr'>dubio</span> <span class='ocrx_word' id='word_1_150' title='bbox 1202 2148 1292 2211; x_wconf 78' lang='lat' dir='ltr'>relin-</span> 
     </span>
     <span class='ocr_line' id='line_1_19' title="bbox 171 2249 371 2329; baseline 0.01 -17"><span class='ocrx_word' id='word_1_151' title='bbox 171 2249 292 2329; x_wconf 86' lang='lat' dir='ltr'>quenda</span> <span class='ocrx_word' id='word_1_152' title='bbox 314 2250 371 2314; x_wconf 88' lang='lat' dir='ltr'>est.</span> 
     </span>
    </p>
   </div>
   <div class='ocr_carea' id='block_1_3' title="bbox 186 2417 1292 2507">
    <p class='ocr_par' dir='ltr' id='par_1_4' title="bbox 186 2417 1292 2507">
     <span class='ocr_line' id='line_1_20' title="bbox 186 2417 1292 2507; baseline 0.005 -27"><span class='ocrx_word' id='word_1_153' title='bbox 186 2417 280 2481; x_wconf 82' lang='lat' dir='ltr'>htloh.</span> <span class='ocrx_word' id='word_1_154' title='bbox 306 2421 398 2485; x_wconf 80' lang='lat' dir='ltr'>Psell.</span> <span class='ocrx_word' id='word_1_155' title='bbox 421 2422 440 2502; x_wconf 59' lang='grc' dir='ltr'><strong>ἕ</strong></span> <span class='ocrx_word' id='word_1_156' title='bbox 462 2424 520 2486; x_wconf 85' lang='grc'>45.</span> <span class='ocrx_word' id='word_1_157' title='bbox 549 2424 636 2488; x_wconf 82' lang='lat' dir='ltr'>said.</span> <span class='ocrx_word' id='word_1_158' title='bbox 659 2445 685 2487; x_wconf 90' lang='lat' dir='ltr'>s.</span> <span class='ocrx_word' id='word_1_159' title='bbox 705 2445 733 2488; x_wconf 93' lang='grc' dir='ltr'>ν.</span> <span class='ocrx_word' id='word_1_160' title='bbox 754 2424 906 2507; x_wconf 79' lang='grc' dir='ltr'>ὑποφόνεοι</span> <span class='ocrx_word' id='word_1_161' title='bbox 936 2425 1010 2489; x_wconf 77' lang='grc' dir='ltr'>[εκ.</span> <span class='ocrx_word' id='word_1_162' title='bbox 1025 2427 1100 2504; x_wconf 76' lang='lat' dir='ltr'>Sep.</span> <span class='ocrx_word' id='word_1_163' title='bbox 1125 2425 1160 2487; x_wconf 87' lang='grc'>11.</span> <span class='ocrx_word' id='word_1_164' title='bbox 1179 2425 1244 2486; x_wconf 80' lang='lat' dir='ltr'>ste.</span> <span class='ocrx_word' id='word_1_165' title='bbox 1260 2425 1292 2486; x_wconf 88' lang='grc'>3.</span> 
     </span>
    </p>
   </div>
   <div class='ocr_carea' id='block_1_4' title="bbox 168 2569 1292 3895">
    <p class='ocr_par' dir='ltr' id='par_1_5' title="bbox 169 2569 1292 3074">
     <span class='ocr_line' id='line_1_21' title="bbox 171 2569 1292 2663; baseline 0.005 -31"><span class='ocrx_word' id='word_1_166' title='bbox 171 2569 219 2633; x_wconf 79' lang='grc' dir='ltr'>Τὰ</span> <span class='ocrx_word' id='word_1_167' title='bbox 241 2572 275 2635; x_wconf 85' lang='grc' dir='ltr'>δὲ</span> <span class='ocrx_word' id='word_1_168' title='bbox 298 2572 461 2658; x_wconf 60' lang='lat' dir='ltr'>emperia,</span> <span class='ocrx_word' id='word_1_169' title='bbox 489 2577 527 2640; x_wconf 81' lang='grc' dir='ltr'>ἵν’</span> <span class='ocrx_word' id='word_1_170' title='bbox 549 2580 603 2641; x_wconf 83' lang='grc' dir='ltr'>καί</span> <span class='ocrx_word' id='word_1_171' title='bbox 626 2578 677 2641; x_wconf 81' lang='grc' dir='ltr'>ἐπὶ</span> <span class='ocrx_word' id='word_1_172' title='bbox 699 2586 744 2662; x_wconf 85' lang='grc' dir='ltr'>τῷ</span> <span class='ocrx_word' id='word_1_173' title='bbox 764 2578 847 2663; x_wconf 75' lang='grc' dir='ltr'>φόνῳ</span> <span class='ocrx_word' id='word_1_174' title='bbox 863 2578 906 2642; x_wconf 78' lang='grc' dir='ltr'>δι·</span> <span class='ocrx_word' id='word_1_175' title='bbox 933 2576 1085 2661; x_wconf 65' lang='lat' dir='ltr'>tropeos</span> <span class='ocrx_word' id='word_1_176' title='bbox 1098 2579 1138 2640; x_wconf 84' lang='grc' dir='ltr'>τὰ</span> <span class='ocrx_word' id='word_1_177' title='bbox 1149 2575 1292 2661; x_wconf 75' lang='grc' dir='ltr'>διδόμενα</span> 
     </span>
     <span class='ocr_line' id='line_1_22' title="bbox 169 2675 1292 2767; baseline 0.018 -32"><span class='ocrx_word' id='word_1_178' title='bbox 169 2675 268 2750; x_wconf 85' lang='grc' dir='ltr'>οὕτως</span> <span class='ocrx_word' id='word_1_179' title='bbox 311 2677 407 2760; x_wconf 81' lang='grc' dir='ltr'>εἴπω,</span> <span class='ocrx_word' id='word_1_180' title='bbox 454 2681 528 2764; x_wconf 75' lang='grc' dir='ltr'>τιμὴ</span> <span class='ocrx_word' id='word_1_181' title='bbox 548 2681 663 2766; x_wconf 70' lang='grc' dir='ltr'>δόμεναι</span> <span class='ocrx_word' id='word_1_182' title='bbox 678 2680 829 2767; x_wconf 74' lang='grc' dir='ltr'>χρήματα</span> <span class='ocrx_word' id='word_1_183' title='bbox 842 2691 907 2757; x_wconf 86' lang='grc' dir='ltr'>τοῖς</span> <span class='ocrx_word' id='word_1_184' title='bbox 1228 2690 1292 2755; x_wconf 70' lang='grc' dir='ltr'><strong>τοῖς</strong></span> 
     </span>
     <span class='ocr_line' id='line_1_23' title="bbox 170 2775 1292 2869; baseline 0.01 -32"><span class='ocrx_word' id='word_1_185' title='bbox 170 2775 301 2860; x_wconf 75' lang='grc' dir='ltr'>αἵματός</span> <span class='ocrx_word' id='word_1_186' title='bbox 324 2780 410 2845; x_wconf 81' lang='grc' dir='ltr'>εἰσιν.</span> <span class='ocrx_word' id='word_1_187' title='bbox 447 2780 527 2845; x_wconf 87' lang='grc' dir='ltr'>Ἐδί-</span> <span class='ocrx_word' id='word_1_188' title='bbox 547 2782 671 2860; x_wconf 76' lang='grc' dir='ltr'>οἰκείοις</span> <span class='ocrx_word' id='word_1_189' title='bbox 705 2794 759 2847; x_wconf 85' lang='grc' dir='ltr'>τοῦ</span> <span class='ocrx_word' id='word_1_190' title='bbox 785 2786 905 2868; x_wconf 82' lang='grc' dir='ltr'>ἀναιρε-</span> <span class='ocrx_word' id='word_1_191' title='bbox 934 2783 1057 2858; x_wconf 77' lang='grc' dir='ltr'>οἰκείοις</span> <span class='ocrx_word' id='word_1_192' title='bbox 1094 2792 1148 2845; x_wconf 85' lang='grc' dir='ltr'>τοῦ</span> <span class='ocrx_word' id='word_1_193' title='bbox 1188 2783 1292 2869; x_wconf 78' lang='grc' dir='ltr'>βιαίως</span> 
     </span>
     <span class='ocr_line' id='line_1_24' title="bbox 169 2877 1291 2972; baseline 0.007 -31"><span class='ocrx_word' id='word_1_194' title='bbox 169 2877 241 2942; x_wconf 80' lang='grc' dir='ltr'>δοτο</span> <span class='ocrx_word' id='word_1_195' title='bbox 278 2881 340 2965; x_wconf 79' lang='grc' dir='ltr'>γὰρ</span> <span class='ocrx_word' id='word_1_196' title='bbox 377 2893 440 2959; x_wconf 86' lang='grc' dir='ltr'>τοῖς</span> <span class='ocrx_word' id='word_1_197' title='bbox 474 2895 528 2948; x_wconf 84' lang='grc' dir='ltr'>τοῦ</span> <span class='ocrx_word' id='word_1_198' title='bbox 547 2886 670 2969; x_wconf 71' lang='grc' dir='ltr'>θέντος,</span> <span class='ocrx_word' id='word_1_199' title='bbox 695 2888 755 2950; x_wconf 78' lang='grc' dir='ltr'>ὑπὸ</span> <span class='ocrx_word' id='word_1_200' title='bbox 778 2897 832 2950; x_wconf 84' lang='grc' dir='ltr'>τοῦ</span> <span class='ocrx_word' id='word_1_201' title='bbox 848 2889 906 2971; x_wconf 72' lang='grc' dir='ltr'>τὴν</span> <span class='ocrx_word' id='word_1_202' title='bbox 934 2886 1184 2972; x_wconf 80' lang='grc' dir='ltr'>τελευτήσαντος</span> <span class='ocrx_word' id='word_1_203' title='bbox 1232 2887 1291 2950; x_wconf 82' lang='grc' dir='ltr'>ὑπὸ</span> 
     </span>
     <span class='ocr_line' id='line_1_25' title="bbox 170 2982 1126 3074; baseline 0.01 -30"><span class='ocrx_word' id='word_1_204' title='bbox 170 2982 425 3070; x_wconf 81' lang='grc' dir='ltr'>ἀπεκτονημένου</span> <span class='ocrx_word' id='word_1_205' title='bbox 448 2986 528 3073; x_wconf 83' lang='grc' dir='ltr'>κλη-</span> <span class='ocrx_word' id='word_1_206' title='bbox 547 2990 649 3054; x_wconf 81' lang='grc' dir='ltr'>αἰτίαν</span> <span class='ocrx_word' id='word_1_207' title='bbox 684 2992 823 3074; x_wconf 81' lang='grc' dir='ltr'>ἔχοντος,</span> <span class='ocrx_word' id='word_1_208' title='bbox 859 2991 905 3052; x_wconf 84' lang='grc' dir='ltr'>ὃτι</span> <span class='ocrx_word' id='word_1_209' title='bbox 933 3001 988 3054; x_wconf 83' lang='grc' dir='ltr'>τοῦ</span> <span class='ocrx_word' id='word_1_210' title='bbox 1011 2990 1126 3073; x_wconf 78' lang='grc' dir='ltr'>φονέως</span> 
     </span>
    </p>

    <p class='ocr_par' dir='ltr' id='par_1_6' title="bbox 169 3085 905 3179">
     <span class='ocr_line' id='line_1_26' title="bbox 169 3085 905 3179; baseline 0.014 -32"><span class='ocrx_word' id='word_1_211' title='bbox 169 3085 308 3170; x_wconf 81' lang='grc' dir='ltr'>ρονόμοις</span> <span class='ocrx_word' id='word_1_212' title='bbox 338 3089 528 3172; x_wconf 80' lang='grc' dir='ltr'>ἢάντοιναι-</span> <span class='ocrx_word' id='word_1_213' title='bbox 547 3094 721 3179; x_wconf 78' lang='grc' dir='ltr'>ἀνῄρηκεν,</span> <span class='ocrx_word' id='word_1_214' title='bbox 767 3095 818 3156; x_wconf 87' lang='grc' dir='ltr'>ίνα</span> <span class='ocrx_word' id='word_1_215' title='bbox 862 3095 905 3178; x_wconf 74' lang='grc' dir='ltr'>μὴ</span> 
     </span>
    </p>

    <p class='ocr_par' dir='ltr' id='par_1_7' title="bbox 168 3192 1291 3487">
     <span class='ocr_line' id='line_1_27' title="bbox 169 3192 1290 3280; baseline 0.006 -30"><span class='ocrx_word' id='word_1_216' title='bbox 169 3198 234 3270; x_wconf 76' lang='lat' dir='ltr'>patu</span> <span class='ocrx_word' id='word_1_217' title='bbox 256 3192 309 3254; x_wconf 79' lang='lat' dir='ltr'>thu</span> <span class='ocrx_word' id='word_1_218' title='bbox 332 3193 528 3256; x_wconf 80' lang='grc' dir='ltr'>ἀπεκτονότα</span> <span class='ocrx_word' id='word_1_219' title='bbox 547 3195 709 3273; x_wconf 77' lang='grc' dir='ltr'>έπεξίωσιν</span> <span class='ocrx_word' id='word_1_220' title='bbox 731 3197 783 3259; x_wconf 83' lang='grc' dir='ltr'>ἐπὶ</span> <span class='ocrx_word' id='word_1_221' title='bbox 801 3205 845 3279; x_wconf 87' lang='grc' dir='ltr'>τῷ</span> <span class='ocrx_word' id='word_1_222' title='bbox 861 3198 904 3280; x_wconf 71' lang='grc' dir='ltr'>μὴ</span> <span class='ocrx_word' id='word_1_223' title='bbox 1105 3194 1156 3257; x_wconf 81' lang='grc' dir='ltr'>ἐπὶ</span> <span class='ocrx_word' id='word_1_224' title='bbox 1180 3202 1223 3278; x_wconf 84' lang='grc' dir='ltr'>τῷ</span> <span class='ocrx_word' id='word_1_225' title='bbox 1247 3197 1290 3278; x_wconf 75' lang='grc' dir='ltr'>μὴ</span> 
     </span>
     <span class='ocr_line' id='line_1_28' title="bbox 169 3290 1291 3385; baseline 0.005 -31"><span class='ocrx_word' id='word_1_226' title='bbox 169 3292 190 3375; x_wconf 82' lang='grc' dir='ltr'>ἢ</span> <span class='ocrx_word' id='word_1_227' title='bbox 215 3290 336 3378; x_wconf 83' lang='grc' dir='ltr'>τίμημα</span> <span class='ocrx_word' id='word_1_228' title='bbox 361 3295 529 3381; x_wconf 79' lang='grc' dir='ltr'>λαμβάνειν</span> <span class='ocrx_word' id='word_1_229' title='bbox 548 3297 792 3383; x_wconf 69' lang='grc' dir='ltr'>ἐπεξέρχεσθται,</span> <span class='ocrx_word' id='word_1_230' title='bbox 825 3299 905 3385; x_wconf 81' lang='grc' dir='ltr'>μηδὲ</span> <span class='ocrx_word' id='word_1_231' title='bbox 934 3297 1122 3382; x_wconf 73' lang='grc' dir='ltr'>ἐξέρχεσθαι</span> <span class='ocrx_word' id='word_1_232' title='bbox 1155 3300 1213 3381; x_wconf 73' lang='grc' dir='ltr'>τὴν</span> <span class='ocrx_word' id='word_1_233' title='bbox 1236 3307 1291 3360; x_wconf 83' lang='grc' dir='ltr'>τοῦ</span> 
     </span>
     <span class='ocr_line' id='line_1_29' title="bbox 168 3398 1154 3487; baseline 0.008 -31"><span class='ocrx_word' id='word_1_234' title='bbox 168 3403 225 3458; x_wconf 75' lang='grc' dir='ltr'>τοῦ</span> <span class='ocrx_word' id='word_1_235' title='bbox 247 3401 354 3479; x_wconf 73' lang='grc' dir='ltr'>φονου.</span> <span class='ocrx_word' id='word_1_236' title='bbox 405 3398 454 3462; x_wconf 82' lang='grc' dir='ltr'>Τὰ</span> <span class='ocrx_word' id='word_1_237' title='bbox 476 3400 530 3462; x_wconf 79' lang='grc' dir='ltr'>οίνν</span> <span class='ocrx_word' id='word_1_238' title='bbox 547 3401 700 3485; x_wconf 64' lang='grc' dir='ltr'>γενέσθαι</span> <span class='ocrx_word' id='word_1_239' title='bbox 747 3405 805 3487; x_wconf 69' lang='grc' dir='ltr'>τὴν</span> <span class='ocrx_word' id='word_1_240' title='bbox 850 3412 904 3466; x_wconf 85' lang='grc' dir='ltr'>τοῦ</span> <span class='ocrx_word' id='word_1_241' title='bbox 934 3399 1028 3482; x_wconf 79' lang='grc' dir='ltr'>φόνου</span> <span class='ocrx_word' id='word_1_242' title='bbox 1052 3399 1154 3487; x_wconf 83' lang='grc' dir='ltr'>δίκην.</span> 
     </span>
    </p>

    <p class='ocr_par' dir='ltr' id='par_1_8' title="bbox 170 3497 905 3590">
     <span class='ocr_line' id='line_1_30' title="bbox 170 3497 905 3590; baseline 0.014 -32"><span class='ocrx_word' id='word_1_243' title='bbox 170 3497 247 3583; x_wconf 71' lang='grc' dir='ltr'>ὑπὲρ</span> <span class='ocrx_word' id='word_1_244' title='bbox 278 3508 333 3562; x_wconf 83' lang='grc' dir='ltr'>τοῦ</span> <span class='ocrx_word' id='word_1_245' title='bbox 366 3502 460 3584; x_wconf 76' lang='grc' dir='ltr'>φονου</span> <span class='ocrx_word' id='word_1_246' title='bbox 487 3502 529 3564; x_wconf 82' lang='grc' dir='ltr'>δι·</span> <span class='ocrx_word' id='word_1_247' title='bbox 549 3503 643 3588; x_wconf 76' lang='grc' dir='ltr'>φόνου</span> <span class='ocrx_word' id='word_1_248' title='bbox 681 3505 785 3590; x_wconf 83' lang='grc' dir='ltr'>δίκην,</span> <span class='ocrx_word' id='word_1_249' title='bbox 831 3506 905 3567; x_wconf 83' lang='grc' dir='ltr'>ὑπο-</span> 
     </span>
    </p>

    <p class='ocr_par' dir='ltr' id='par_1_9' title="bbox 169 3597 905 3690">
     <span class='ocr_line' id='line_1_31' title="bbox 169 3597 905 3690; baseline 0.012 -29"><span class='ocrx_word' id='word_1_250' title='bbox 169 3597 285 3686; x_wconf 64' lang='lat' dir='ltr'>repara</span> <span class='ocrx_word' id='word_1_251' title='bbox 337 3605 422 3688; x_wconf 81' lang='grc' dir='ltr'>παρὰ</span> <span class='ocrx_word' id='word_1_252' title='bbox 475 3615 529 3667; x_wconf 84' lang='grc' dir='ltr'>τοῦ</span> <span class='ocrx_word' id='word_1_253' title='bbox 549 3608 639 3690; x_wconf 78' lang='grc' dir='ltr'>φόνιοι</span> <span class='ocrx_word' id='word_1_254' title='bbox 661 3608 821 3671; x_wconf 76' lang='grc' dir='ltr'>καλεῖται.</span> <span class='ocrx_word' id='word_1_255' title='bbox 855 3611 905 3670; x_wconf 85' lang='grc' dir='ltr'>οὕ-</span> 
     </span>
    </p>

    <p class='ocr_par' dir='ltr' id='par_1_10' title="bbox 168 3704 906 3795">
     <span class='ocr_line' id='line_1_32' title="bbox 168 3704 906 3795; baseline 0.009 -29"><span class='ocrx_word' id='word_1_256' title='bbox 168 3704 381 3783; x_wconf 75' lang='grc' dir='ltr'>ἀπεκτονέτος</span> <span class='ocrx_word' id='word_1_257' title='bbox 414 3705 530 3789; x_wconf 76' lang='lat' dir='ltr'>tuopt—</span> <span class='ocrx_word' id='word_1_258' title='bbox 549 3731 609 3785; x_wconf 87' lang='grc' dir='ltr'>τως</span> <span class='ocrx_word' id='word_1_259' title='bbox 646 3710 813 3795; x_wconf 76' lang='grc' dir='ltr'>Δείναρχος</span> <span class='ocrx_word' id='word_1_260' title='bbox 851 3712 906 3773; x_wconf 83' lang='grc' dir='ltr'>καὶ</span> 
     </span>
    </p>

    <p class='ocr_par' dir='ltr' id='par_1_11' title="bbox 169 3809 760 3895">
     <span class='ocr_line' id='line_1_33' title="bbox 169 3809 760 3895; baseline 0.008 -25"><span class='ocrx_word' id='word_1_261' title='bbox 169 3827 219 3870; x_wconf 76' lang='grc' dir='ltr'>νεα</span> <span class='ocrx_word' id='word_1_262' title='bbox 244 3809 442 3894; x_wconf 79' lang='grc' dir='ltr'>ὀνομάζεται.</span> <span class='ocrx_word' id='word_1_263' title='bbox 549 3809 760 3895; x_wconf 74' lang='grc' dir='ltr'>Θεόφραστος.</span> 
     </span>
    </p>
   </div>
   <div class='ocr_carea' id='block_1_5' title="bbox 167 3982 1291 4270">
    <p class='ocr_par' dir='ltr' id='par_1_12' title="bbox 167 3982 1291 4270">
     <span class='ocr_line' id='line_1_34' title="bbox 271 3982 1291 4066; baseline 0.003 -21"><span class='ocrx_word' id='word_1_264' title='bbox 271 3982 338 4046; x_wconf 90' lang='lat' dir='ltr'>Hoe</span> <span class='ocrx_word' id='word_1_265' title='bbox 360 3982 427 4047; x_wconf 84' lang='lat' dir='ltr'>loco</span> <span class='ocrx_word' id='word_1_266' title='bbox 451 3984 614 4057; x_wconf 83' lang='lat' dir='ltr'>nescimus,</span> <span class='ocrx_word' id='word_1_267' title='bbox 638 3985 699 4048; x_wconf 91' lang='lat' dir='ltr'>utri</span> <span class='ocrx_word' id='word_1_268' title='bbox 723 4004 755 4048; x_wconf 90' lang='lat' dir='ltr'>se</span> <span class='ocrx_word' id='word_1_269' title='bbox 779 3985 933 4066; x_wconf 85' lang='lat' dir='ltr'>applicare</span> <span class='ocrx_word' id='word_1_270' title='bbox 958 3984 1115 4060; x_wconf 79' lang='lat' dir='ltr'>maluerit,</span> <span class='ocrx_word' id='word_1_271' title='bbox 1138 3984 1291 4050; x_wconf 84' lang='lat' dir='ltr'>Suidaena</span> 
     </span>
     <span class='ocr_line' id='line_1_35' title="bbox 167 4084 1289 4170; baseline 0.004 -24"><span class='ocrx_word' id='word_1_272' title='bbox 167 4104 205 4146; x_wconf 90' lang='lat' dir='ltr'>an</span> <span class='ocrx_word' id='word_1_273' title='bbox 229 4084 326 4149; x_wconf 85' lang='lat' dir='ltr'>lexioo</span> <span class='ocrx_word' id='word_1_274' title='bbox 348 4085 499 4151; x_wconf 82' lang='lat' dir='ltr'>rhetorico</span> <span class='ocrx_word' id='word_1_275' title='bbox 523 4087 721 4170; x_wconf 84' lang='lat' dir='ltr'>Sagueriano.</span> <span class='ocrx_word' id='word_1_276' title='bbox 766 4088 875 4151; x_wconf 90' lang='lat' dir='ltr'>Altero</span> <span class='ocrx_word' id='word_1_277' title='bbox 898 4089 1001 4151; x_wconf 89' lang='lat' dir='ltr'>autem</span> <span class='ocrx_word' id='word_1_278' title='bbox 1016 4087 1084 4152; x_wconf 90' lang='lat' dir='ltr'>looo</span> <span class='ocrx_word' id='word_1_279' title='bbox 1100 4088 1158 4152; x_wconf 86' lang='lat' dir='ltr'>hoo</span> <span class='ocrx_word' id='word_1_280' title='bbox 1173 4088 1289 4152; x_wconf 80' lang='lat' dir='ltr'>lexicon</span> 
     </span>
     <span class='ocr_line' id='line_1_36' title="bbox 167 4188 789 4270; baseline 0.005 -20"><span class='ocrx_word' id='word_1_281' title='bbox 167 4188 269 4270; x_wconf 89' lang='lat' dir='ltr'>magis</span> <span class='ocrx_word' id='word_1_282' title='bbox 293 4189 424 4270; x_wconf 89' lang='lat' dir='ltr'>quadrat</span> <span class='ocrx_word' id='word_1_283' title='bbox 447 4190 483 4254; x_wconf 87' lang='lat' dir='ltr'>ad</span> <span class='ocrx_word' id='word_1_284' title='bbox 509 4191 602 4254; x_wconf 87' lang='lat' dir='ltr'>verba</span> <span class='ocrx_word' id='word_1_285' title='bbox 625 4191 789 4254; x_wconf 86' lang='lat' dir='ltr'>Pselliana.</span> 
     </span>
    </p>
   </div>
   <div class='ocr_carea' id='block_1_6' title="bbox 0 0 1466 4928">
    <p class='ocr_par' dir='ltr' id='par_1_13' title="bbox 0 0 1466 4928">
     <span class='ocr_line' id='line_1_37' title="bbox 0 0 1466 4928; baseline 0 1"><span class='ocrx_word' id='word_1_286' title='bbox 0 0 1466 4928; x_wconf 95' lang='lat' dir='ltr'> </span> 
     </span>
    </p>
   </div>
  </div>
 </body>
</html>
