2924 4928
767 329 809 392 92
859 335 862 340 .

229 532 371 598 distraxit
403 534 457 600 aut
487 533 554 616 jssm
586 534 769 600 distractum
801 552 872 600 cum
904 535 1013 601 alienis
1045 533 1169 600 aliunde
1201 535 1353 617 promptis

227 637 318 702 rebus
351 638 539 722 permiscuit,
573 640 633 704 etsi
664 638 850 717 dubitanter,
875 639 996 721 opinati
1017 656 1079 703 uon
1102 635 1195 702 nimis
1217 637 1353 704 temera·

225 741 307 804 rium
330 742 387 805 est.
432 739 514 820 Quot
539 741 620 805 cuim
645 760 752 806 manus
776 743 807 806 et
830 742 949 806 mentes
972 741 1043 823 post
1064 739 1244 805 Aristotelis
1268 757 1353 804 mor-

225 840 288 906 tem
311 861 408 926 usque
432 844 471 908 ad
495 844 628 908 aetutem
653 843 790 910 Pollucis
806 843 1124 927 Harpocrationisquo
1147 843 1239 924 atque
1261 861 1352 925 porro

225 945 382 1028 usquead
405 946 681 1028 temporoPhotii,
709 947 767 1010 lex.
792 947 892 1024 Dem,
917 946 976 1011 lex.
1000 945 1080 1029 Sep,
1106 943 1228 1022 Suidac,
1250 944 1295 1009 sl.
1318 944 1351 1008 in

225 1049 282 1113 hoc
305 1049 485 1132 amputandi
508 1068 601 1132 opera
623 1049 841 1128 laboraverint,
865 1050 1056 1135 ignoramus.

327 1203 387 1270 Sed
409 1224 447 1270 ne
469 1205 654 1271 sententiam
678 1225 780 1271 meam
803 1205 903 1289 magis
927 1204 1121 1289 proposuisse
1143 1221 1236 1285 quom
1256 1219 1350 1285 argu·

225 1307 337 1372 mentis
360 1308 467 1374 solidis
491 1309 663 1375 defendisse
684 1309 799 1385 videar,
832 1309 1032 1392 gravissimos
1056 1306 1220 1390 scriptores
1241 1305 1351 1388 plenos

225 1409 361 1493 affigam,
393 1414 426 1476 at
459 1411 496 1477 de
528 1412 658 1494 singulis
690 1412 813 1494 glossis,
847 1431 917 1477 cum
948 1411 1072 1496 longius
1094 1428 1191 1491 neque
1214 1407 1350 1473 multum

225 1531 295 1577 ere
319 1512 369 1591 sit,
403 1532 463 1592 eos,
486 1513 539 1594 qui
562 1513 860 1596 disputatiunculam
894 1532 994 1579 meam
1016 1531 1113 1595 usquc
1136 1510 1175 1576 ud
1196 1509 1280 1575 hunc
1301 1509 1350 1574 lo-

225 1634 294 1680 com
317 1615 514 1700 perlegerint,
539 1616 578 1682 od
600 1616 684 1682 locos
707 1617 790 1700 ipsos
814 1617 904 1682 modo
926 1617 1048 1682 notatos
1070 1614 1207 1680 reiciam.

120 1866 250 1932 Aristot.
273 1864 329 1927 43.
345 1863 374 1924 2.
404 1859 476 1922 tex.
501 1858 575 1941 Sep.
599 1859 633 1922 V.
677 1860 785 1923 Sctol.
808 1859 887 1924 Plet.
923 1858 1176 1940 sennensem·
1197 1855 1325 1920 Maxim.
1367 1855 1447 1919 Plan.

425 1946 489 2009 291.
514 1948 537 2008 4
561 1971 601 2001 --
657 1946 791 2026 Ιερρ.ΧΙΙ
810 1944 910 2009 9530
962 1942 1069 2008 τανεία
1093 1970 1133 2000 --
1217 1942 1326 2006 sonet.
1351 1942 1426 2004 Ηοτ·

390 2029 436 2094 [t.
453 2029 496 2094 Μ.
513 2031 589 2095 693.
600 2031 644 2094 53
656 2031 910 2113 (vellosum)
923 2029 1009 2094 suid.
1042 2050 1068 2094 s.
1096 2049 1124 2094 e.
1148 2049 1175 2093 ν.
1196 2045 1334 2179 δοριοῖρό
1347 2026 1450 2177 &ab

389 2182 579 2268 (πρυτάνεις)
593 2183 644 2269 μέ·
655 2182 818 2266 πρυτάνεις
852 2185 911 2247 εἰσὶ

120 2291 222 2378 βουλὴ
245 2288 278 2350 δὲ
298 2288 377 2375 κλη-
389 2307 439 2370 ρος
455 2309 483 2350 τι
499 2295 557 2370 τῆς
575 2286 645 2372 βου·
658 2285 746 2370 μέρος
783 2309 812 2350 τι
849 2297 911 2351 τῶν

124 2402 230 2479 ροῠται
242 2392 315 2471 500,
336 2393 377 2456 50
389 2388 448 2474 λῆς
480 2398 542 2454 τῶν
571 2387 727 2466 500,500‚
761 2393 796 2453 τὸ
819 2391 911 2455 δέκα·

121 2497 185 2559 ἀπὸ
192 2495 293 2580 φυλῆς
303 2496 377 2561 ἑκά·
389 2496 424 2556 τὸ
439 2492 585 2576 δέκατον,
604 2493 645 2558 50
656 2514 720 2576 τον,
738 2493 780 2556 50
790 2494 908 2578 ἄνδρες,

120 2620 212 2684 cong.
237 2599 314 2663 καθ’
331 2601 378 2664 ὅτι
389 2596 495 2681 ἄνδρες
505 2597 566 2659 ἀπο
576 2606 645 2681 μιᾶς

121 2704 160 2766 ἂν
183 2700 336 2786 λάχωσιν,
389 2700 503 2784 φυλῆς,
529 2698 644 2762 οἱδιοι-
788 2698 816 2762 οἱ
839 2699 910 2762 διοι-

389 2811 516 2876 κοῦντες
546 2803 783 2878 ἅπαν-κοῦντες
812 2804 910 2866 ἅπαν-

389 2926 428 2967 τα
450 2906 491 2967 τὰ
511 2905 570 2967 ὑπὸ
588 2914 645 2988 τῆς
655 2926 695 2968 τα
718 2908 758 2968 τὰ
778 2905 837 2968 ὑπο
855 2915 911 2990 τῆς

388 3006 504 3093 βουλῆς
547 3028 643 3090 πρατ-
655 3007 770 3093 βουλῆς
814 3029 909 3092 προιτ-

388 3109 503 3195 τόμενα
526 3112 642 3194 πρυτά-
655 3109 770 3194 τὸμενα

388 3234 447 3288 νεις
469 3212 643 3277 ἐκαλοῦντο

388 3315 642 3400 καὶέπρυτοὶνευ-
740 3319 794 3379 καὶ
818 3316 909 3400 ἐπρυ-

387 3441 421 3483 ον
452 3420 537 3482 κατὰ
568 3419 783 3504 πρυ-τάνευον
825 3421 910 3482 κατὰ

388 3522 512 3586 τανείαν
528 3522 566 3586 ἐκ
577 3523 642 3586 δια·
654 3521 840 3605 πρυτανείαν
871 3521 909 3584 ἐν

387 3627 486 3710 δοχῆς
542 3623 814 3710 ἀλλή-διοιδοχής.

387 3729 456 3805 λαις
487 3729 519 3792 αἱ
545 3730 643 3813 ιρυλαὶ

387 3831 437 3895 διὰ
452 3832 568 3896 τούτων
581 3841 642 3896 τῶν

387 3936 515 4019 ἀνδρῶν,
533 3935 641 4020 κλήρῳ

325 4041 327 4047 ’
387 4036 562 4121 λαχόντων.
588 4040 642 4100 καὶ

387 4149 479 4203 τοῦτο
489 4139 641 4202 ἐκαλεῖτο

387 4242 597 4325 πρυτανεύειν.
645 4278 647 4317 Ι
