2924 4928
662 349 704 410 ‘23

219 550 302 630 Quas
325 551 445 634 glossas
468 550 560 615 modo
583 550 694 615 allatas
710 551 813 613 utrum
829 551 895 630 ipsa
911 550 1114 633 Etynrologus
1130 569 1240 614 unam-

115 673 268 736 quamque
284 655 540 718 contaminaverit
556 655 610 717 aut
625 654 851 720 contaminatas
869 653 935 735 jam
951 645 1111 729 inuenerit,
1136 653 1240 717 utrum

114 777 178 821 una
208 776 246 821 an
279 757 452 837 complures
484 775 593 820 manus
626 759 697 820 ante
730 775 800 819 eum
825 757 856 819 in
881 756 1124 820 contaminandis
1146 756 1240 820 fontis

116 859 216 924 vorbis
240 858 353 922 auxilio
377 859 530 938 affuerint,
562 858 665 922 utrum
698 877 820 939 semper
852 858 970 922 auctori
992 859 1073 923 recte
1097 877 1152 923 sua
1174 859 1240 922 oui·

115 981 174 1045 que
190 961 377 1027 reddiderim
397 981 445 1039 aa,
469 962 653 1042 ubicumque
677 960 929 1043 Harpocrationis
945 963 1087 1042 Epitorne
1110 962 1141 1025 et
1156 961 1239 1026 Pho-

114 1067 178 1131 tius
201 1085 271 1131 cum
294 1065 398 1143 Suida‚
431 1066 489 1130 lex.
513 1065 583 1149 Seg.
607 1066 645 1128 V.
672 1084 742 1129 cum
766 1064 876 1128 Photio
900 1065 1089 1129 adverbum
1113 1084 1240 1129 consen-

115 1171 206 1249 tiunt,
230 1189 288 1236 non
305 1170 354 1234 illi
368 1168 516 1233 laudandi
531 1169 645 1232 fuerint
660 1170 714 1232 sed
730 1169 762 1231 hi
780 1169 827 1232 vel
843 1169 968 1250 quintus
984 1169 1097 1250 aliquis
1120 1169 1238 1244 auctor,

115 1273 168 1352 qui
199 1274 373 1352 temporum
404 1271 568 1352 iniquitate
591 1270 679 1334 nobis
703 1271 803 1351 periit,
837 1271 912 1335 haec
944 1271 1047 1335 omnia
1079 1270 1240 1353 dijudicari

114 1394 174 1438 non
205 1377 335 1456 possunt
365 1373 425 1438 uisi
457 1375 523 1437 toto
547 1391 671 1454 corpore
703 1373 877 1456 glossarum
909 1373 1147 1455 diligentissimo
1170 1393 1239 1455 per-

114 1478 245 1542 lustrato
257 1477 292 1560 ¹).
346 1476 455 1558 Neque
488 1475 546 1540 hoo
577 1495 647 1540 mea
668 1476 802 1540 multum
826 1478 965 1554 interest,
999 1496 1069 1541 oum
1100 1477 1238 1541 evincere

114 1579 265 1659 studeam,
290 1580 405 1645 multas
428 1579 528 1643 inesse
551 1579 583 1642 in
606 1580 656 1643 Et.
680 1579 724 1643 M.
748 1581 877 1662 glossas,
906 1599 992 1663 quae,
1018 1580 1141 1644 etiamsi
1163 1581 1238 1644 sim-

114 1684 210 1763 plices
242 1702 308 1747 esse
339 1683 500 1762 videntur,
534 1685 638 1748 tamen
671 1686 929 1766 ccompluribus
954 1685 1092 1766 partibus
1115 1702 1239 1764 compo-

114 1788 192 1851 sitae
215 1787 287 1852 sint.

215 1890 287 1956 Jam
311 1889 357 1953 bis
381 1908 409 1970 p.
436 1889 476 1951 14
499 1891 530 1954 et
553 1890 594 1953 19
616 1890 706 1955 lexioi
730 1890 961 1955 Demosthenici
985 1891 1137 1955 Patmiaci
1159 1891 1239 1954 inter

113 1993 214 2058 fontes
246 1994 296 2057 ut.
320 1992 365 2057 Μ.
394 1994 654 2059 commemorandi
686 1996 805 2060 occasio
836 1995 924 2060 nobis
956 1995 1060 2060 oblata
1090 1996 1146 2073 est,
1179 2013 1239 2076 quo

113 2096 240 2160 tertium
263 2097 366 2162 locum
390 2115 470 2161 nuno
493 2096 677 2182 adjungam:
701 2099 751 2164 ut.
775 2099 818 2163 M.
841 2098 915 2165 324.
939 2097 969 2164 2.

115 2271 162 2335 [t.
189 2272 233 2336 M.
259 2272 387 2335 3242
420 2299 459 2328 =
494 2272 583 2337 Suid.
614 2300 652 2328 =
700 2277 762 2340 lex.
790 2277 890 2340 Palm.
917 2295 948 2357 p.
970 2276 1022 2340 t5t.
1047 2270 1238 2357 ἐκμαρτυρῐα

112 2374 228 2438 Zonar.
263 2375 327 2439 668
360 2374 592 2460 ἐκμαρτυρεῐν·
618 2378 654 2438 τὸ
699 2380 754 2441 καὶ
791 2378 1022 2463 ἐκμαρτυρεῖν·
1062 2377 1098 2438 τὸ
1135 2373 1239 2456 λέγειν

113 2474 217 2559 λέγειν
247 2477 308 2560 οὐχ
340 2478 419 2562 ἅπερ
442 2479 535 2553 αὐτὸς
556 2477 651 2559 οἶδεν,
699 2480 750 2543 ἐπὶ
782 2487 844 2545 τῶν
875 2480 1031 2542 δικαστῶν
1066 2481 1127 2561 οὐχ
1160 2479 1239 2558 ἅπερ

112 2576 185 2640 ἀλλ’
217 2579 295 2662 ἅπερ
324 2577 437 2663 ἑτέρων
460 2581 580 2664 ἤκουσε
603 2580 654 2643 λε·
699 2581 791 2658 αὐτὸς
815 2604 859 2657 τις
882 2581 945 2645 εἶδε
968 2581 1075 2664 παρὼν
1104 2577 1238 2662 πραττό-

111 2680 241 2765 γόντων.
700 2705 787 2769 μενοι,
813 2682 884 2747 ἀλλ’
907 2684 949 2747 ὧν
971 2685 1109 2767 ἤκουσεν
1132 2679 1238 2763 ἑτέρον

698 2786 845 2871 λέγοντος
868 2789 923 2850 καὶ
941 2795 1084 2871 παρεῖναι
1100 2784 1237 2867 φάσκον·

698 2912 749 2966 τος
781 2900 844 2967 τοῖς
875 2889 1110 2975 πραττομένοις.
1156 2885 1237 2966 Quid

698 2993 736 3058 de
780 3013 854 3059 voce
894 2990 1086 3078 ἐκμαρτυρίαι
1130 2991 1237 3056 auctor

698 3097 789 3163 huius
812 3097 902 3162 lexioi
923 3094 1118 3180 judicaverit,
1146 3095 1236 3172 igno-

697 3218 812 3278 ramus
835 3201 908 3281 quia
926 3200 1030 3281 glossa
1052 3198 1154 3262 lacera
1178 3199 1235 3260 est.

697 3302 780 3365 Fieri
802 3303 915 3383 potest,
948 3302 984 3366 ut
1009 3301 1103 3366 etiarn
1124 3303 1182 3363 hac
1205 3300 1236 3361 in

697 3424 730 3469 re
753 3424 824 3470 cum
838 3404 1023 3489 Etymologo
1040 3402 1237 3468 consenserit.

698 3509 820 3574 Similia
842 3508 891 3572 Et.
914 3508 958 3571 M.
982 3505 1109 3588 praebet
1130 3507 1234 3569 sciro'.

112 3610 304 3695 ἐκμαρτυρίαι
314 3612 348 3674 δὲ
357 3612 562 3697 γεγραμμένη
579 3613 652 3676 ἀνα·
698 3614 815 3678 Acsclr.
833 3612 864 3674 2.
881 3614 912 3675 te
936 3629 964 3676 s.
985 3611 1008 3675 l.
1034 3616 1095 3672 τῶν
1117 3608 1236 3692 ἀποδη-

109 3712 311 3798 γινὼσκεται,
336 3715 413 3777 ὅταν
436 3736 481 3790 τις
502 3717 523 3799 ἢ
545 3716 653 3779 τελευ-
700 3715 837 3800 μσύντων
860 3716 921 3797 γὰρ
938 3714 993 3775 καὶ
1008 3719 1070 3775 τῶν
1087 3712 1130 3795 μή
1146 3710 1236 3772 δυνα-

110 3815 210 3900 τήσας
235 3817 283 3900 (ἠ)
308 3818 329 3901 ἢ
354 3817 523 3901 ὑπερόριος.
700 3817 797 3902 μένων
827 3815 937 3880 ἐλθεῖν
964 3815 1006 3890 εἰς
1028 3816 1063 3878 τὸ
1086 3812 1237 3896 δικαστή-

113 4042 368 4051 -ῇ--μ--ι-

214 4187 242 4249 1)
261 4185 327 4240 occo
346 4185 471 4241 Carnuth
489 4187 667 4251 ,Festschrift
685 4188 730 4242 ltir
748 4189 842 4242 Ludw.
862 4188 1052 4243 Friedltnder‘
1071 4203 1097 4256 p.
1118 4188 1166 4242 102
1193 4189 1236 4242 ut.

109 4271 282 4337 Genuinum,
301 4274 376 4339 quod
394 4274 506 4338 dicitur,
525 4274 612 4329 suida
629 4275 691 4341 ipso
710 4276 752 4328 uti
770 4276 898 4342 potuisse
917 4278 1022 4330 censet.
