2924 4928
718 341 776 403 lll

176 562 318 610 munnae
340 544 438 610 nolim
461 562 613 628 quaerere,
637 542 670 608 id
692 542 774 626 quod
798 542 1018 608 difficillimum
1041 543 1097 618 est,
1121 544 1226 607 utrum
1246 561 1305 606 nu·

177 665 281 712 merus
313 645 353 729 ad
383 646 516 731 triginta
546 646 680 730 quinque
711 646 792 711 viros
832 648 941 728 postea
977 645 1086 710 auctus
1124 643 1165 709 sit
1195 663 1234 709 an
1265 643 1304 708 ad

175 749 309 834 triginta
325 749 363 835 ¹),
395 751 579 833 praesertim
610 768 681 816 oum
712 749 751 815 ad
782 768 848 816 rem
879 751 1017 815 nostram
1049 767 1109 814 nou
1139 747 1305 831 pertineat.

177 852 287 937 Neque
318 853 453 918 multum
485 854 607 932 dolebo,
638 856 665 920 si
695 854 773 920 falso
805 853 967 919 nonnullas
998 853 1164 918 leuticorum
1187 847 1302 934 Segne·

178 956 334 1022 riauorum
350 957 471 1040 glossas
488 955 579 1040 juxta
594 956 874 1040 Harpocratioueas
889 956 1053 1039 posuerim,
1078 973 1156 1036 quae
1170 953 1302 1019 fortasse

178 1060 218 1124 ab
243 1059 486 1142 Harpocratione
517 1061 668 1144 originem
700 1080 787 1126 suam
819 1060 945 1126 ducunt.
990 1058 1113 1123 Habeat
1135 1077 1167 1123 se
1188 1075 1237 1122 res
1258 1057 1304 1121 ita

170 1162 334 1227 'nonnullis
365 1161 451 1241 locis,
484 1182 703 1246 usquequaque
736 1165 816 1229 certe
839 1162 897 1227 hoc
919 1181 979 1227 ncu
1002 1162 1120 1227 factum
1143 1162 1199 1239 est,
1231 1160 1303 1242 quia

178 1265 236 1330 lex.
260 1264 331 1348 Seg.
354 1267 509 1332 interdum
533 1266 622 1350 plura
639 1266 883 1350 Harpocratione
905 1266 1011 1344 habet,
1036 1264 1176 1329 velutin
1198 1263 1302 1346 glossa

177 1369 400 1454 σιτοφύλακες,
433 1371 484 1436 ubi
518 1371 606 1435 addit
637 1372 722 1434 κατὰ
745 1372 801 1446 τὰς
832 1367 1003 1456 ὡρισμένας
1040 1369 1131 1452 τιμὰς
1167 1368 1222 1429 καὶ
1250 1367 1302 1428 τὸν

177 1472 336 1558 σταθμόν,
369 1492 447 1556 quae
469 1474 564 1539 uerba
585 1473 668 1556 apud
691 1474 840 1556 H'arpocr.
863 1473 986 1538 desunt.
1031 1471 1075 1535 At
1097 1470 1210 1535 Pollux
1231 1467 1302 1533 nul·

176 1576 243 1640 lum
266 1594 301 1640 ex
322 1575 371 1640 his
393 1576 627 1659 magistratibus
650 1577 891 1642 commemoratu
923 1575 1052 1658 dignum
1079 1572 1210 1656 putavit,
1243 1572 1300 1635 etsi

176 1678 379 1762 magistratus
395 1680 557 1759 militares,
581 1698 657 1763 quos
672 1680 856 1746 Aristoteles
872 1677 1067 1762 paucissimis
1082 1675 1184 1742 verbis
1198 1674 1300 1739 trans-

172 1782 248 1864 egit,
282 1801 376 1864 quam
406 1782 445 1849 ob
475 1801 541 1848 rem
571 1784 688 1866 posteri
723 1782 760 1848 de
792 1783 840 1847 his
870 1782 971 1866 magis
993 1779 1185 1845 hariolautur
1207 1795 1300 1860 quarn

173 1883 256 1949 seria
277 1884 422 1968 produnt,
445 1903 507 1951 non
529 1885 667 1952 seclusit.
701 1885 817 1950 Mirum
838 1884 974 1969 profecto
997 1883 1047 1961 sit,
1072 1901 1126 1948 cur
1143 1882 1198 1948 hos
1215 1898 1299 1944 rece·

173 1986 265 2068 perit,
301 1986 372 2052 illos
395 1989 555 2070 spreverit,
588 1988 614 2054 si
637 1988 775 2054 Pollucis
798 1988 916 2053 fontem
939 1985 1055 2051 lexicon
1077 1985 1171 2050 fuisse
1194 1983 1299 2048 eristi·

174 2107 297 2153 memus
320 2089 489 2155 secundum
511 2090 686 2155 litterarum
709 2090 847 2155 ordinem
869 2088 1085 2171 compositum.
1129 2086 1227 2151 Porro
1251 2086 1300 2149 vix

171 2191 339 2275 quisquam
376 2192 492 2272 credat,
523 2193 695 2272 Pollucem,
733 2194 787 2276 qui
818 2194 896 2258 alias
927 2190 1236 2276 neglegentissimum
1267 2208 1298 2252 sc

172 2295 329 2377 praebeat,
364 2295 414 2362 hic
447 2296 686 2381 diligentissime
719 2298 856 2363 elerico
879 2315 934 2362 suo
957 2314 1062 2360 omnes
1087 2294 1296 2376 magistratus,

169 2397 228 2480 qui
249 2397 345 2464 saluti
366 2399 510 2482 publicae
531 2401 736 2484 providerent,
770 2419 956 2484 segregasse.
1002 2398 1034 2464 Si
1058 2400 1163 2463 conta
1185 2397 1297 2461 statui·

172 2519 252 2580 mus,
290 2502 408 2568 fontem
430 2503 612 2570 Polluceum
643 2524 703 2571 non
734 2504 908 2569 litterarum
941 2503 994 2567 sed
1025 2521 1127 2567 rerum
1160 2499 1295 2566 ordinem

168 2605 314 2671 secutum
345 2624 422 2684 esse,
454 2608 602 2673 facillime
624 2609 825 2692 intellegitur,
859 2607 961 2672 virum
993 2605 1123 2692 probum
1153 2604 1186 2668 in
1217 2602 1295 2665 libro

168 2706 223 2770 διὰ
244 2709 369 2795 ταχέων
391 2711 444 2794 (cf.
466 2711 563 2794 praef.
585 2712 658 2777 libri
680 2712 772 2794 Vlll)
804 2712 975 2793 conscripto
997 2710 1100 2775 totum
1129 2706 1223 2773 fontis
1247 2706 1294 2769 sui

167 2813 266 2894 caput
289 2815 413 2879 omnino
436 2815 587 2880 omisisse.

456 3066 541 3156 32.
587 3088 640 3138 ex
663 3069 1002 3158 Harpocratione.

272 3257 359 3322 Idem
390 3257 530 3333 efficitur,
564 3260 589 3323 si
620 3261 726 3341 paullo
758 3261 857 3324 acrius
887 3259 917 3322 in
940 3260 1218 3342 Harpocrationem
1241 3259 1291 3320 in-

168 3361 338 3442 quiramus.
384 3361 527 3428 Vidimus
543 3362 569 3446 1)
600 3364 631 3428 in
655 3363 758 3446 glossa
781 3363 913 3449 εὐθύνη,
939 3383 1032 3446 quam
1055 3363 1161 3426 contra
1184 3363 1291 3426 aucto·

168 3462 291 3528 ritatem
320 3463 460 3528 codicum
493 3465 606 3548 injuria
644 3466 775 3532 editores
806 3469 836 3531 in
868 3467 995 3530 enerve
1029 3465 1290 3546 permutaverunt,

167 3565 234 3628 ueri
263 3564 365 3629 simile
398 3585 465 3630 esse
499 3568 536 3631 de
559 3567 617 3633 hac
640 3588 671 3633 re
694 3588 755 3634 una
781 3588 851 3634 cum
873 3569 995 3652 legistis
1020 3569 1178 3632 auctorem
1202 3564 1290 3629 lerini

164 3668 278 3750 egisse.
323 3667 412 3748 Quod
433 3671 501 3734 tum
526 3671 651 3736 demum
674 3673 750 3738 satis
773 3676 842 3752 apte
865 3672 1006 3755 intellegi
1022 3672 1136 3753 potest,
1159 3670 1186 3733 si
1201 3669 1290 3751 poni·

166 3788 236 3836 mus
265 3770 332 3854 jam
362 3773 394 3837 in
426 3773 510 3839 fonte
532 3775 793 3858 Harpocrationeo
815 3795 863 3841 res
886 3777 932 3841 ito
954 3776 1120 3858 dispositas
1143 3773 1237 3839 fuisse
1260 3772 1291 3836 et

166 3871 418 3957 lexicographum
441 3879 581 3943 nostrum
603 3879 685 3944 hune
707 3881 846 3944 ordinem
868 3882 970 3946 nescio
994 3899 1087 3962 quam
1111 3878 1149 3944 ob
1165 3895 1288 3942 oausam

270 4199 297 4264 1)
315 4199 509 4255 Wilamowitz
526 4201 543 4254 1.
557 4203 574 4255 l.
592 4201 611 4255 1.
623 4217 648 4270 p.
662 4201 720 4257 219.
734 4217 796 4256 ann.
810 4203 853 4256 64.
873 4203 980 4268 Kaibel,
995 4204 1048 4258 Stil
1064 4220 1088 4258 u.
1102 4205 1177 4259 'Pext
1189 4219 1215 4272 p.
1229 4204 1287 4258 221.

268 4282 297 4349 2)
317 4299 404 4352 supra
421 4301 447 4354 p.
467 4283 508 4340 36.
528 4288 568 4342 94.
