2924 4928
708 290 750 354 59

271 495 351 559 Turn
383 494 465 577 apud
495 495 656 560 Pollucem
691 499 862 579 sequuntur
892 495 1122 581 νομοφύλακες,
1162 517 1237 580 quos
1274 517 1291 562 e

167 596 352 687 Philochoro
374 598 542 664 translatos
564 617 630 663 esse
653 599 785 682 supra¹l
808 599 879 664 diri.
926 598 985 678 Qui
1007 601 1074 664 turn
1098 600 1174 664 mihi
1197 599 1290 665 fidem

167 701 401 784 abrogavemnt,
433 703 528 769 uerba
550 702 728 767 Philochori
760 723 778 767 a
800 703 929 768 Polluce
959 703 1035 769 loeis
1058 706 1123 768 tem
1146 703 1290 769 distanti-

167 805 224 869 bus
241 805 386 870 collocari
401 804 547 888 potuisse,
572 824 661 884 nune,
686 824 755 871 cum
778 805 914 872 viderint
936 807 1114 891 εἰςαγωγεῖς
1137 807 1174 890 ἓξ
1195 806 1237 869 93
1259 807 1291 871 et

169 907 227 970 101
253 908 360 974 eodem
384 909 474 975 modo
498 908 644 988 divulsos
677 908 822 991 paredros
855 911 887 975 et
913 912 1042 976 scribam
1066 911 1289 977 thesmutheta-

167 1029 236 1074 rnm
259 1012 277 1094 ξ
300 1010 342 1073 92
365 1011 486 1094 ajusto
509 1011 575 1077 loco
599 1013 616 1095 ξ
638 1011 681 1075 86
704 1013 855 1080 abscissos
879 1033 954 1093 esse,
982 1014 1070 1078 facile
1093 1014 1168 1078 mihi
1191 1013 1290 1078 adnu-

167 1116 231 1189 ent,
283 1114 392 1196 Neque
426 1115 483 1180 hoc
510 1117 615 1198 negari
647 1117 762 1198 potest,
795 1117 973 1193 Pollucem,
1005 1118 1057 1198 qui
1089 1117 1290 1182 Aristotelem

166 1219 269 1298 ipsum
302 1217 411 1301 legerit
442 1221 473 1284 et
494 1219 680 1285 Philochoro
712 1238 773 1285 non
799 1220 889 1284 alitor
911 1221 1002 1301 atque
1025 1220 1193 1284 Aristotele
1216 1239 1290 1285 usus

167 1321 216 1400 sit,
240 1321 336 1385 istum
351 1321 636 1405 Atthidographum
651 1342 769 1405 qnoque
792 1324 824 1386 in
846 1322 989 1387 manibus
1004 1323 1156 1387 habuisse.
1196 1321 1289 1387 Cuius

167 1423 342 1506 fragmenta
369 1424 396 1488 si
418 1424 507 1506 plura
530 1425 685 1490 exstarent
707 1426 747 1490 ad
769 1425 896 1490 verbum
920 1425 1079 1507 exscripta,
1106 1426 1212 1508 magis
1234 1443 1290 1504 pa·

167 1528 254 1605 teret,
279 1528 430 1610 qnantum
451 1529 698 1613 Lericogrephus
722 1529 970 1611 Atthidographo
992 1529 1128 1594 deberet.

269 1631 371 1710 Ratio,
404 1651 482 1714 quae
506 1633 670 1698 intercedit
696 1633 775 1698 inter
807 1633 976 1716 §95-96
1008 1633 1039 1698 et
1069 1634 1199 1698 Aristot.
1224 1653 1289 1716 cap.

166 1732 305 1810 43-44,
328 1734 420 1816 plane
442 1736 607 1818 respondet
621 1735 679 1814 illi,
696 1755 774 1818 qnae
791 1737 858 1801 erat
872 1737 952 1801 inter
973 1738 991 1820 ξ
1014 1736 1142 1799 85-92
1165 1738 1197 1801 et
1219 1737 1290 1800 Ari-

167 1838 238 1902 stot.
254 1855 322 1920 cap.
338 1838 478 1904 55-59.
511 1837 592 1918 Quin
608 1839 701 1904 etiam
717 1840 916 1904 inveniuntur
932 1841 980 1905 his
998 1841 1035 1924 ἓξ
1050 1841 1149 1904 multo
1173 1840 1292 1903 minora

166 1939 290 2005 aliunde
322 1941 435 2006 hausta
465 1960 557 2022 quam
590 1942 657 2008 loco
688 1943 798 2025 priore.
859 1942 939 2008 Sunt
971 1945 1052 2007 enim
1085 1944 1177 2008 haec:
1210 1941 1291 2026 §95

167 2043 302 2128 rerhalp
327 2045 619 2129 ἀποχειροτονοῠοιν
649 2046 714 2110 sine
747 2045 839 2110 dubio
872 2066 890 2110 a
912 2046 1039 2111 Polluce
1071 2047 1138 2128 ipso
1161 2047 1233 2110 ficta
1256 2065 1291 2109 ex

167 2147 345 2212 Aristotelis
369 2148 470 2213 verbis
492 2150 548 2224 τὰς
582 2150 682 2234 ἀρχὰς
704 2149 944 2234 ἐπιχειροτονεῖν
966 2151 994 2213 εἰ
1025 2150 1152 2213 δοκοῦσι
1185 2149 1291 2224 καλῶς

167 2253 288 2335 ἄρχειν,
313 2269 390 2332 quae
413 2252 510 2317 invite
533 2253 753 2334 quaestionem,
780 2254 853 2334 quid
882 2273 950 2318 curn
975 2254 1209 2336 magistratibus
1232 2276 1290 2316 κα-

167 2362 231 2430 κῶς
253 2356 387 2440 ἄρχουσι
415 2356 534 2421 factum
564 2357 616 2431 sit,
648 2357 791 2422 excitant.
837 2357 944 2438 Neque
969 2357 1060 2420 aliter
1088 2357 1290 2439 judicandum

167 2459 216 2522 est
238 2460 276 2524 dc
299 2478 334 2525 ea
356 2480 397 2538 re,
431 2460 512 2543 quod
534 2460 645 2526 Pollux
667 2461 748 2525 inter
769 2461 891 2525 tertiam
916 2461 948 2523 et
970 2461 1111 2541 quartam
1135 2459 1290 2524 contiones

166 2579 294 2626 munera
316 2563 399 2628 certe
422 2563 590 2640 distribuit,
623 2583 700 2645 quae
725 2563 909 2628 Aristoteles
934 2564 1102 2645 utriusque,
1128 2565 1159 2626 et
1182 2563 1290 2626 tertiae

166 2666 199 2728 et
220 2666 358 2746 quartae,
389 2665 483 2731 fuisse
507 2667 592 2731 dicit.
638 2667 738 2731 Schol.
759 2687 778 2749 q
797 2667 908 2733 Aesch.
932 2667 960 2730 1.
988 2665 1048 2730 104
1073 2664 1288 2751 [πρυτανείας]

167 2768 259 2833 uerba
281 2768 428 2834 Pollucea
450 2788 520 2834 cum
544 2769 686 2835 omnihus
710 2770 828 2835 mendis
852 2770 1006 2852 repetivit.
1062 2769 1163 2834 Verba
1186 2771 1287 2833 nutem

166 2871 194 2935 oi
216 2874 291 2956 πρὸς
312 2883 380 2948 ταῖς
414 2871 515 2949 δίκαις
538 2874 555 2956 ξ
578 2872 620 2936 95
645 2877 676 2938 et
698 2874 797 2950 ἀδεῶς
823 2874 843 2960 ξ
865 2875 908 2937 ors
939 2875 1042 2939 utrum
1074 2875 1196 2939 Polluci
1229 2873 1291 2955 ipsi

167 2995 206 3040 an
229 2977 306 3041 fonti
321 2976 394 3060 ejus
416 2977 513 3042 lexico
536 2976 688 3042 rhetorico
713 2977 917 3060 adjudicanda
942 2979 1014 3055 sint,
1047 2977 1184 3042 dubitari
1206 2978 1289 3042 licet.

166 3078 274 3161 Neque
296 3080 354 3145 hoo
376 3098 474 3161 neque
496 3079 576 3144 illud
599 3079 673 3144 alibi
706 3080 792 3145 nobis
824 3081 963 3157 occurrit,
996 3099 1183 3163 quamquam
1216 3079 1290 3142 hacc

166 3183 234 3265 ipsa
250 3182 439 3248 Aristotelea
461 3183 613 3249 contionis
636 3184 809 3249 ordinariae
825 3183 989 3266 descriptio
1006 3184 1128 3264 saepius
1143 3201 1162 3246 a
1176 3182 1289 3246 lexico-

166 3287 293 3369 graphis
315 3287 471 3351 laudatur.
517 3287 658 3353 Kaibelio
670 3287 694 3371 ²)
725 3289 888 3370 quominus
911 3286 1086 3364 concedam,
1118 3285 1177 3350 lex.
1200 3286 1289 3350 Cant.

167 3408 192 3453 s.
214 3409 242 3454 ν.
267 3389 360 3474 κυρία
382 3389 544 3476 ἐκκλησία
566 3401 597 3456 et
618 3391 700 3455 Poll.
723 3392 811 3455 Vlll.
833 3390 875 3453 95
911 3409 927 3454 ο
958 3390 1041 3454 fonto
1064 3388 1159 3453 simili
1182 3407 1290 3452 mana·

166 3490 257 3571 visse,
290 3493 363 3574 quia
393 3494 521 3576 uterque
552 3494 584 3558 in
606 3494 732 3559 vocibus
756 3495 811 3556 καὶ
833 3491 961 3577 κλήρων
994 3491 1156 3568 desineret,
1189 3490 1290 3554 multa

167 3595 247 3673 sunt,
272 3614 351 3678 quae
373 3596 555 3679 impediant.
599 3597 740 3662 Primum
764 3596 875 3661 Pollux
900 3597 938 3659 de
961 3593 1136 3679 πρυτάνεις,
1169 3592 1289 3678 ἐκκλη-

168 3697 243 3781 σίαι,
269 3698 441 3783 ἐπιστάτης
463 3700 570 3764 eodem
590 3699 695 3764 ordine
711 3699 826 3779 narrat,
850 3717 910 3781 quo
928 3697 1112 3763 Aristoteles
1136 3715 1209 3761 usus
1232 3700 1288 3775 est,

168 3801 198 3866 et
219 3801 250 3866 in
275 3803 358 3866 omni
374 3801 431 3867 hae
447 3803 534 3884 parte
549 3803 681 3882 vestigia
697 3803 883 3869 Aristotelea
901 3801 1007 3867 eodem
1031 3800 1122 3867 modo
1144 3801 1235 3882 atque
1258 3801 1289 3862 in

162 3995 424 4004 ,mn-Q-..-

270 4129 295 4194 l)
314 4145 339 4197 p.
357 4130 445 4198 4243.

269 4215 296 4282 2)
315 4215 367 4270 Stil
385 4218 443 4270 und
460 4217 534 4271 'lent
552 4231 578 4285 p.
597 4219 655 4272 205.
