2924 4928
704 375 764 438 129

164 581 267 665 junxit
281 580 461 665 διωμοσίαν,
479 580 687 666 ἀντωμοσίαν,
704 580 903 666 ἀμφιορκίαν,
922 579 1102 666 ἐξωμοσίαν,
1121 582 1175 646 ille
1190 581 1228 664 ἓξ
1242 583 1294 658 55,

168 683 211 746 56
233 680 441 767 προωμοσίαν,
467 682 676 768 diremerat,
695 682 872 768 διωμοοίον,
892 682 1075 768 ἐξωμοσίον,
1097 679 1291 767 &sumposion

169 786 270 850 Aliter
299 804 347 849 res
379 805 412 849 se
443 785 537 849 habet
567 785 599 850 iu
630 786 798 868 posteriore
828 788 924 868 parte,
958 784 1012 849 ubi
1034 785 1155 863 Pollux,
1188 786 1294 866 quales

168 889 282 953 fuerint
320 888 523 970 magistratus
557 888 697 967 Athenis,
738 907 886 971 exponere
923 887 1044 952 studuit
1082 889 1113 951 et
1148 906 1294 969 prospero

168 990 280 1054 eventu
302 989 504 1055 An'stotelem
528 989 615 1054 adiit.
660 990 783 1055 Psellus
805 1009 903 1072 neque
925 990 983 1054 hoo
1005 1008 1104 1070 neque
1126 988 1205 1053 illud
1227 1007 1295 1053 mo·

167 1093 243 1157 litus
266 1097 313 1158 est
335 1099 374 1171 el,
399 1093 426 1157 si
448 1095 554 1157 contra
574 1094 673 1175 ipsius
692 1095 883 1158 voluntatem
903 1094 1075 1174 permultos
1093 1092 1294 1175 magistratus

170 1195 286 1273 attulit
310 1196 368 1259 hoo
392 1194 470 1259 fonti
493 1194 559 1278 ejus
582 1215 643 1260 non
665 1195 726 1278 ipsi
748 1197 866 1260 auctori
888 1195 996 1260 honori
1016 1195 1213 1275 tribuendum
1237 1196 1293 1259 est.

170 1299 241 1380 Ipse
274 1299 355 1362 enim
390 1298 448 1362 hac
479 1299 511 1363 in
534 1301 621 1380 parte
643 1299 677 1363 id
709 1299 831 1362 tantum
855 1300 995 1382 agitauit,
1030 1299 1066 1362 ut
1097 1316 1187 1362 voces
1218 1317 1295 1363 non-

169 1401 280 1479 nullas,
313 1420 390 1483 quas
414 1400 574 1483 discipulis
598 1403 662 1466 suis
684 1403 786 1467 mInus
809 1405 897 1468 notas
920 1403 984 1468 iore
1009 1404 1155 1484 speraret,
1190 1401 1294 1484 expla-

167 1506 266 1569 naret.
311 1503 379 1584 Qua
410 1525 442 1570 re
465 1505 582 1570 iactum
607 1508 663 1584 est,
698 1510 741 1584 ut,
776 1526 854 1588 quae
888 1506 1001 1571 Pollux
1030 1507 1096 1589 jam
1130 1506 1230 1587 priore
1261 1506 1293 1567 In

168 1609 255 1691 parte
277 1608 484 1687 tractavisset,
516 1608 648 1687 Paullus,
681 1611 811 1674 fortasse
843 1608 916 1691 quia
937 1609 985 1673 his
1008 1608 1099 1673 rebus
1122 1607 1201 1672 nihil
1224 1627 1295 1671 curn

168 1713 342 1778 actionibus
365 1731 526 1777 commuue
550 1731 617 1777 esse
639 1713 777 1789 sentiret,
813 1713 844 1776 in
867 1713 997 1776 alteram
1030 1713 1150 1793 partem
1173 1710 1294 1793 relega·

169 1818 229 1899 ret,
257 1815 297 1879 ci.
322 1823 340 1893 ἓ
363 1815 406 1877 32
429 1814 633 1899 λουτροφόρος
657 1843 696 1871 =
719 1816 801 1880 Poll.
824 1815 909 1880 VIII.
933 1814 994 1891 eo;
1029 1815 1047 1896 ξ
1069 1813 1111 1876 83
1135 1812 1205 1896 δόρυ
1229 1810 1294 1888 ἐξε-

168 1929 292 2003 νεγκεῖν
316 1946 355 1974 =
380 1918 460 1983 Poll.
493 1918 578 1983 VIII.
601 1919 662 1996 65;
695 1920 777 1997 946
799 1917 1005 2003 ἀνδρολήψιον
1029 1945 1070 1974 .-.-.
1093 1916 1173 1981 Poll.
1206 1915 1291 1978 VIII.

168 2023 221 2085 50.
265 2023 309 2086 At
344 2041 531 2104 quamquam
569 2020 602 2084 in
633 2022 724 2086 rebus
755 2021 954 2104 disponendis
991 2019 1133 2085 nonnihil
1167 2037 1294 2084 consen-

167 2126 260 2204 tiunt,
293 2123 374 2207 quod
407 2125 445 2188 ad
468 2129 684 2208 argumentum
708 2125 829 2203 attinet,
856 2127 934 2189 alter
957 2121 995 2188 ab
1019 2123 1116 2188 altero
1139 2122 1215 2186 satis
1238 2123 1293 2186 ab·

167 2231 280 2294 horret.
326 2227 408 2308 Quid
438 2231 545 2292 nunc?
588 2228 698 2293 Nonne
730 2228 853 2293 turbam
885 2227 1020 2293 movisse
1052 2225 1166 2303 videor,
1199 2243 1291 2306 quam

167 2335 233 2415 ipse
257 2331 363 2396 sedare
386 2351 444 2398 non
465 2332 606 2414 possim?
638 2331 776 2396 Psellum
792 2332 824 2395 iu
839 2331 945 2396 ordiue
961 2350 1063 2394 rerum
1079 2347 1151 2393 cum
1165 2328 1294 2393 Polluce

167 2436 276 2512 facere,
309 2435 340 2497 in
372 2436 556 2517 argumento
579 2436 618 2499 ab
641 2435 747 2500 eodem
770 2434 943 2515 discrepare
966 2432 1047 2509 dixi;
1079 2443 1147 2495 tum
1170 2430 1294 2509 Suidae‚

166 2540 235 2601 tum
269 2537 328 2600 lex.
353 2536 423 2618 Seg.
446 2536 484 2615 V,
515 2538 582 2601 tum
614 2537 671 2601 lex.
704 2537 775 2619 Seg.
798 2537 842 2600 IV
874 2556 942 2601 eum
975 2535 1200 2617 adstipulatum
1227 2550 1294 2598 esse

167 2639 320 2704 contendi.
365 2637 524 2718 Quomodo
556 2641 610 2703 has
642 2642 750 2721 sponte
773 2639 888 2703 relatas
910 2639 1102 2720 maximeque
1125 2638 1205 2701 inter
1227 2655 1294 2701 sese

166 2743 377 2806 concertantes
409 2741 577 2806 sententias
609 2761 658 2806 me
690 2741 914 2823 dirempturum
937 2760 1003 2806 esse
1027 2742 1144 2823 spero?
1193 2739 1293 2805 Cardo

166 2847 263 2910 totIus
284 2847 340 2924 rei,
370 2866 461 2929 quem
483 2852 607 2911 strenue
630 2865 680 2910 me
702 2848 859 2928 praestare
881 2865 970 2927 posse
995 2844 1093 2921 oredo,
1125 2844 1204 2908 illud
1227 2845 1292 2908 est:

167 2949 308 3014 Psellum
336 2970 406 3014 cum
429 2951 504 3015 alibi
536 2950 592 3035 (cf.
616 2949 750 3034 εὐθύνη,
775 2949 901 3032 ἕνδεκα,
927 2946 1095 3032 διαιτηταί,
1121 2945 1292 3031 ἐπώνυμοι)

167 3053 369 3118 Aristotelem
400 3056 566 3135 spreverit,
597 3054 629 3118 in
661 3072 734 3117 voce
766 3053 887 3136 τριττὺς
919 3072 937 3116 ο
976 3052 1059 3116 iente
1094 3070 1150 3117 suo
1184 3050 1223 3115 ed
1253 3051 1293 3114 li-

166 3155 285 3219 bellum
300 3154 484 3241 Ἀθηναίον
505 3156 648 3220 πολιτεία
669 3157 802 3221 relatum
826 3174 902 3220 esse.
947 3154 1035 3235 Quod
1058 3173 1091 3217 re
1115 3173 1186 3219 vera
1208 3170 1293 3217 com-

167 3259 284 3339 paratis
314 3259 426 3342 glossis
458 3259 555 3323 Pselli
586 3262 617 3324 ct
649 3258 760 3323 Suidae
792 3259 830 3323 ab
867 3259 924 3323 hoc
961 3260 1031 3322 solo
1074 3262 1183 3321 nostro
1221 3259 1293 3320 loco

167 3361 283 3425 factum
319 3379 385 3425 esse
419 3360 561 3426 vidimus.
615 3363 713 3443 Atqui
743 3363 845 3442 ipsum
879 3359 1006 3425 Suidam
1044 3360 1160 3423 fontem
1198 3359 1293 3423 fuisse

166 3464 232 3526 veri
254 3463 403 3527 dissimile
435 3463 522 3528 noble
545 3462 707 3529 videbatur
729 3483 805 3528 esse.
850 3463 933 3544 Ergo
956 3462 1017 3526 Iuit
1038 3461 1163 3543 quidam
1190 3480 1225 3524 ex
1248 3463 1293 3526 eis

168 3567 353 3644 auctoribus,
376 3585 506 3649 quorum
530 3586 622 3649 opera
644 3568 675 3630 iu
696 3567 858 3631 immensis
882 3564 994 3630 Suidae
1011 3565 1131 3630 sericiis
1147 3567 1293 3647 congesta

167 3669 263 3734 latere
295 3669 421 3733 scImus.
466 3668 603 3748 Quorum
635 3689 796 3735 numerum
830 3669 906 3733 satis
939 3670 1078 3750 amplum
1112 3668 1218 3744 fuisse,
1257 3686 1293 3730 ex

167 3790 227 3852 quo
257 3774 395 3855 tempore
417 3773 597 3858 Bernhardy
608 3774 633 3858 ¹)
665 3774 940 3839 commentationes
973 3791 1045 3838 suas
1077 3772 1115 3837 de
1145 3771 1292 3837 subsidiis

167 3873 258 3937 lexici
279 3874 386 3952 edidit,
411 3893 472 3939 non
495 3875 666 3958 ignoratur.

167 4099 425 4107 ——--—.-..

272 4252 298 4316 1)
316 4251 404 4318 praef.
424 4252 465 4304 ed.
485 4251 562 4306 Suid.
580 4264 605 4318 p.
625 4251 687 4304 XLI
705 4266 746 4318 sq.
