<?xml version="1.0" encoding="UTF-8"?>
<!DOCTYPE html PUBLIC "-//W3C//DTD XHTML 1.0 Transitional//EN"
    "http://www.w3.org/TR/xhtml1/DTD/xhtml1-transitional.dtd">
<html xmlns="http://www.w3.org/1999/xhtml" xml:lang="en" lang="en">
 <head>
  <title>
</title>
<meta http-equiv="Content-Type" content="text/html;charset=utf-8" />
  <meta name='ocr-system' content='tesseract 3.04.00' />
  <meta name='ocr-capabilities' content='ocr_page ocr_carea ocr_par ocr_line ocrx_word'/>
</head>
<body>
  <div class='ocr_page' id='page_1' title='image "./dearistotelispo00bursgoog_0065.png"; bbox 0 0 2924 4928; ppageno 0'>
   <div class='ocr_carea' id='block_1_1' title="bbox 605 380 752 477">
    <p class='ocr_par' dir='ltr' id='par_1_1' title="bbox 605 380 752 477">
     <span class='ocr_line' id='line_1_1' title="bbox 605 380 752 477; baseline 0 -35"><span class='ocrx_word' id='word_1_1' title='bbox 605 380 752 477; x_wconf 80' lang='grc' dir='ltr'><strong>Ι43</strong></span> 
     </span>
    </p>
   </div>
   <div class='ocr_carea' id='block_1_2' title="bbox 165 584 1292 4378">
    <p class='ocr_par' dir='ltr' id='par_1_2' title="bbox 165 584 1292 4378">
     <span class='ocr_line' id='line_1_2' title="bbox 166 584 1292 667; baseline -0.001 -18"><span class='ocrx_word' id='word_1_2' title='bbox 166 584 361 650; x_wconf 91' lang='lat' dir='ltr'><strong>simillimum</strong></span> <span class='ocrx_word' id='word_1_3' title='bbox 384 586 555 667; x_wconf 88' lang='lat' dir='ltr'><strong>putandum</strong></span> <span class='ocrx_word' id='word_1_4' title='bbox 580 592 636 661; x_wconf 86' lang='lat' dir='ltr'><strong>est,</strong></span> <span class='ocrx_word' id='word_1_5' title='bbox 665 585 802 649; x_wconf 80' lang='lat' dir='ltr'><strong>futurum</strong></span> <span class='ocrx_word' id='word_1_6' title='bbox 826 585 931 657; x_wconf 82' lang='lat' dir='ltr'><strong>luisse.</strong></span> <span class='ocrx_word' id='word_1_7' title='bbox 955 586 989 649; x_wconf 90' lang='lat' dir='ltr'><strong>ut</strong></span> <span class='ocrx_word' id='word_1_8' title='bbox 1012 584 1196 650; x_wconf 87' lang='lat' dir='ltr'><strong>Aristoteles</strong></span> <span class='ocrx_word' id='word_1_9' title='bbox 1219 584 1292 649; x_wconf 87' lang='lat' dir='ltr'><strong>lau·</strong></span> 
     </span>
     <span class='ocr_line' id='line_1_3' title="bbox 166 689 1291 771; baseline 0 -19"><span class='ocrx_word' id='word_1_10' title='bbox 166 689 299 765; x_wconf 88' lang='lat' dir='ltr'><strong>daretur,</strong></span> <span class='ocrx_word' id='word_1_11' title='bbox 332 691 359 754; x_wconf 92' lang='lat' dir='ltr'><strong>si</strong></span> <span class='ocrx_word' id='word_1_12' title='bbox 380 690 446 754; x_wconf 92' lang='lat' dir='ltr'><strong>toto</strong></span> <span class='ocrx_word' id='word_1_13' title='bbox 469 691 554 754; x_wconf 88' lang='grc'><strong>33313</strong></span> <span class='ocrx_word' id='word_1_14' title='bbox 584 690 647 754; x_wconf 88' lang='grc'><strong>3113</strong></span> <span class='ocrx_word' id='word_1_15' title='bbox 669 690 784 754; x_wconf 89' lang='grc'><strong>1331113</strong></span> <span class='ocrx_word' id='word_1_16' title='bbox 806 692 909 754; x_wconf 81' lang='lat' dir='ltr'><strong>essent</strong></span> <span class='ocrx_word' id='word_1_17' title='bbox 931 708 975 767; x_wconf 88' lang='grc'><strong>33,</strong></span> <span class='ocrx_word' id='word_1_18' title='bbox 1010 707 1086 771; x_wconf 91' lang='grc'><strong>3333</strong></span> <span class='ocrx_word' id='word_1_19' title='bbox 1108 689 1159 754; x_wconf 89' lang='lat' dir='ltr'><strong>hic</strong></span> <span class='ocrx_word' id='word_1_20' title='bbox 1182 690 1220 754; x_wconf 91' lang='lat' dir='ltr'><strong>de</strong></span> <span class='ocrx_word' id='word_1_21' title='bbox 1243 690 1291 753; x_wconf 93' lang='grc'><strong>13-</strong></span> 
     </span>
     <span class='ocr_line' id='line_1_4' title="bbox 165 790 1291 875; baseline 0.001 -21"><span class='ocrx_word' id='word_1_22' title='bbox 165 791 255 874; x_wconf 84' lang='lat' dir='ltr'><strong>gistis</strong></span> <span class='ocrx_word' id='word_1_23' title='bbox 279 790 435 856; x_wconf 81' lang='lat' dir='ltr'><strong>docuerat.</strong></span> <span class='ocrx_word' id='word_1_24' title='bbox 471 791 502 857; x_wconf 89' lang='lat' dir='ltr'><strong>Si</strong></span> <span class='ocrx_word' id='word_1_25' title='bbox 526 793 631 857; x_wconf 89' lang='grc'><strong>333133</strong></span> <span class='ocrx_word' id='word_1_26' title='bbox 645 792 848 858; x_wconf 75' lang='lat' dir='ltr'><strong>Aristotelem</strong></span> <span class='ocrx_word' id='word_1_27' title='bbox 871 792 1013 875; x_wconf 88' lang='lat' dir='ltr'><strong>eutbynis</strong></span> <span class='ocrx_word' id='word_1_28' title='bbox 1036 790 1137 856; x_wconf 89' lang='grc'><strong>3111313</strong></span> <span class='ocrx_word' id='word_1_29' title='bbox 1157 791 1291 874; x_wconf 83' lang='lat' dir='ltr'><strong>legista·</strong></span> 
     </span>
     <span class='ocr_line' id='line_1_5' title="bbox 165 892 1290 975; baseline 0 -19"><span class='ocrx_word' id='word_1_30' title='bbox 165 912 233 956; x_wconf 87' lang='lat' dir='ltr'><strong>rum</strong></span> <span class='ocrx_word' id='word_1_31' title='bbox 256 892 427 968; x_wconf 90' lang='lat' dir='ltr'><strong>tribuisset,</strong></span> <span class='ocrx_word' id='word_1_32' title='bbox 459 893 669 970; x_wconf 91' lang='lat' dir='ltr'><strong>nullomodo,</strong></span> <span class='ocrx_word' id='word_1_33' title='bbox 698 895 781 975; x_wconf 86' lang='lat' dir='ltr'><strong>puto,</strong></span> <span class='ocrx_word' id='word_1_34' title='bbox 806 894 862 958; x_wconf 89' lang='lat' dir='ltr'><strong>sub</strong></span> <span class='ocrx_word' id='word_1_35' title='bbox 885 894 977 957; x_wconf 86' lang='lat' dir='ltr'><strong>tinem</strong></span> <span class='ocrx_word' id='word_1_36' title='bbox 999 913 1075 975; x_wconf 87' lang='lat' dir='ltr'><strong>puro</strong></span> <span class='ocrx_word' id='word_1_37' title='bbox 1099 893 1290 958; x_wconf 86' lang='lat' dir='ltr'><strong>addidisset:</strong></span> 
     </span>
     <span class='ocr_line' id='line_1_6' title="bbox 165 995 1290 1082; baseline 0.002 -25"><span class='ocrx_word' id='word_1_38' title='bbox 165 995 333 1059; x_wconf 77' lang='grc' dir='ltr'>διείλεκται</span> <span class='ocrx_word' id='word_1_39' title='bbox 355 998 424 1081; x_wconf 87' lang='grc' dir='ltr'>περὶ</span> <span class='ocrx_word' id='word_1_40' title='bbox 446 997 549 1061; x_wconf 87' lang='grc' dir='ltr'>αὐτῶν</span> <span class='ocrx_word' id='word_1_41' title='bbox 571 996 794 1082; x_wconf 78' lang='grc' dir='ltr'>Ἀριστοτέλης</span> <span class='ocrx_word' id='word_1_42' title='bbox 820 997 854 1061; x_wconf 87' lang='grc' dir='ltr'><strong>έν</strong></span> <span class='ocrx_word' id='word_1_43' title='bbox 876 1007 916 1081; x_wconf 77' lang='grc' dir='ltr'>τη</span> <span class='ocrx_word' id='word_1_44' title='bbox 939 996 1122 1082; x_wconf 67' lang='grc' dir='ltr'>Ἀθηναίων</span> <span class='ocrx_word' id='word_1_45' title='bbox 1144 995 1290 1079; x_wconf 80' lang='grc' dir='ltr'>πολιτείᾳ</span> 
     </span>
     <span class='ocr_line' id='line_1_7' title="bbox 167 1098 1289 1184; baseline 0 -22"><span class='ocrx_word' id='word_1_46' title='bbox 167 1098 343 1163; x_wconf 78' lang='lat' dir='ltr'><strong>discrimine</strong></span> <span class='ocrx_word' id='word_1_47' title='bbox 374 1099 530 1164; x_wconf 87' lang='lat' dir='ltr'><strong>doctrinae</strong></span> <span class='ocrx_word' id='word_1_48' title='bbox 554 1101 758 1166; x_wconf 84' lang='lat' dir='ltr'><strong>Aristoteleae</strong></span> <span class='ocrx_word' id='word_1_49' title='bbox 782 1120 818 1165; x_wconf 93' lang='lat' dir='ltr'><strong>ne</strong></span> <span class='ocrx_word' id='word_1_50' title='bbox 842 1100 962 1184; x_wconf 81' lang='lat' dir='ltr'><strong>syllaba</strong></span> <span class='ocrx_word' id='word_1_51' title='bbox 985 1100 1109 1182; x_wconf 91' lang='lat' dir='ltr'><strong>quidem</strong></span> <span class='ocrx_word' id='word_1_52' title='bbox 1131 1101 1289 1164; x_wconf 87' lang='lat' dir='ltr'><strong>annotato.</strong></span> 
     </span>
     <span class='ocr_line' id='line_1_8' title="bbox 166 1202 1291 1285; baseline 0 -20"><span class='ocrx_word' id='word_1_53' title='bbox 166 1202 291 1266; x_wconf 88' lang='lat' dir='ltr'><strong>Adsunt</strong></span> <span class='ocrx_word' id='word_1_54' title='bbox 321 1202 407 1267; x_wconf 94' lang='lat' dir='ltr'><strong>nobis</strong></span> <span class='ocrx_word' id='word_1_55' title='bbox 440 1202 479 1266; x_wconf 90' lang='lat' dir='ltr'><strong>ad</strong></span> <span class='ocrx_word' id='word_1_56' title='bbox 510 1203 752 1285; x_wconf 88' lang='lat' dir='ltr'><strong>comparandum</strong></span> <span class='ocrx_word' id='word_1_57' title='bbox 775 1204 836 1268; x_wconf 91' lang='lat' dir='ltr'><strong>loci</strong></span> <span class='ocrx_word' id='word_1_58' title='bbox 857 1204 927 1285; x_wconf 91' lang='lat' dir='ltr'><strong>plus</strong></span> <span class='ocrx_word' id='word_1_59' title='bbox 951 1222 1043 1284; x_wconf 89' lang='lat' dir='ltr'><strong>quam</strong></span> <span class='ocrx_word' id='word_1_60' title='bbox 1066 1202 1291 1284; x_wconf 86' lang='lat' dir='ltr'><strong>quinquaginta</strong></span> 
     </span>
     <span class='ocr_line' id='line_1_9' title="bbox 165 1301 1288 1385; baseline -0.003 -17"><span class='ocrx_word' id='word_1_61' title='bbox 165 1304 428 1385; x_wconf 82' lang='lat' dir='ltr'><strong>Harpocrationei,</strong></span> <span class='ocrx_word' id='word_1_62' title='bbox 456 1305 508 1371; x_wconf 91' lang='lat' dir='ltr'><strong>ubi</strong></span> <span class='ocrx_word' id='word_1_63' title='bbox 531 1305 657 1369; x_wconf 90' lang='lat' dir='ltr'><strong>libellus</strong></span> <span class='ocrx_word' id='word_1_64' title='bbox 680 1306 887 1370; x_wconf 87' lang='lat' dir='ltr'><strong>Aristoteleus</strong></span> <span class='ocrx_word' id='word_1_65' title='bbox 910 1304 1066 1369; x_wconf 87' lang='lat' dir='ltr'><strong>adhibitus</strong></span> <span class='ocrx_word' id='word_1_66' title='bbox 1089 1305 1146 1368; x_wconf 89' lang='lat' dir='ltr'><strong>est.</strong></span> <span class='ocrx_word' id='word_1_67' title='bbox 1191 1301 1288 1381; x_wconf 84' lang='lat' dir='ltr'><strong>Quem</strong></span> 
     </span>
     <span class='ocr_line' id='line_1_10' title="bbox 166 1406 1290 1490; baseline -0.002 -19"><span class='ocrx_word' id='word_1_68' title='bbox 166 1407 399 1490; x_wconf 85' lang='lat' dir='ltr'><strong>lexicographus</strong></span> <span class='ocrx_word' id='word_1_69' title='bbox 422 1409 526 1473; x_wconf 87' lang='lat' dir='ltr'><strong>noster</strong></span> <span class='ocrx_word' id='word_1_70' title='bbox 548 1410 642 1474; x_wconf 88' lang='grc'><strong>333113</strong></span> <span class='ocrx_word' id='word_1_71' title='bbox 664 1409 764 1474; x_wconf 93' lang='lat' dir='ltr'><strong>modis</strong></span> <span class='ocrx_word' id='word_1_72' title='bbox 787 1409 931 1490; x_wconf 77' lang='lat' dir='ltr'><strong>excerpit,</strong></span> <span class='ocrx_word' id='word_1_73' title='bbox 963 1409 1028 1472; x_wconf 91' lang='lat' dir='ltr'><strong>tum</strong></span> <span class='ocrx_word' id='word_1_74' title='bbox 1052 1407 1144 1471; x_wconf 88' lang='lat' dir='ltr'><strong>verba</strong></span> <span class='ocrx_word' id='word_1_75' title='bbox 1168 1406 1290 1470; x_wconf 85' lang='lat' dir='ltr'><strong>Aristo·</strong></span> 
     </span>
     <span class='ocr_line' id='line_1_11' title="bbox 165 1508 1290 1594; baseline -0.003 -19"><span class='ocrx_word' id='word_1_76' title='bbox 165 1510 247 1575; x_wconf 91' lang='lat' dir='ltr'><strong>telea</strong></span> <span class='ocrx_word' id='word_1_77' title='bbox 268 1510 389 1594; x_wconf 85' lang='lat' dir='ltr'><strong>integra</strong></span> <span class='ocrx_word' id='word_1_78' title='bbox 411 1512 532 1590; x_wconf 86' lang='lat' dir='ltr'><strong>retinet,</strong></span> <span class='ocrx_word' id='word_1_79' title='bbox 555 1514 624 1578; x_wconf 93' lang='lat' dir='ltr'><strong>tum</strong></span> <span class='ocrx_word' id='word_1_80' title='bbox 645 1513 793 1590; x_wconf 90' lang='grc'><strong>33311333,</strong></span> <span class='ocrx_word' id='word_1_81' title='bbox 825 1532 902 1594; x_wconf 89' lang='grc'><strong>3333</strong></span> <span class='ocrx_word' id='word_1_82' title='bbox 925 1512 1047 1587; x_wconf 88' lang='grc'><strong>1131133,</strong></span> <span class='ocrx_word' id='word_1_83' title='bbox 1080 1509 1204 1591; x_wconf 86' lang='grc'><strong>3111333</strong></span> <span class='ocrx_word' id='word_1_84' title='bbox 1227 1508 1290 1572; x_wconf 85' lang='grc'><strong>311·</strong></span> 
     </span>
     <span class='ocr_line' id='line_1_12' title="bbox 166 1610 1289 1696; baseline -0.004 -19"><span class='ocrx_word' id='word_1_85' title='bbox 166 1614 225 1690; x_wconf 89' lang='grc'><strong>133,</strong></span> <span class='ocrx_word' id='word_1_86' title='bbox 258 1615 326 1677; x_wconf 90' lang='lat' dir='ltr'><strong>tum</strong></span> <span class='ocrx_word' id='word_1_87' title='bbox 349 1614 549 1679; x_wconf 86' lang='lat' dir='ltr'><strong>Aristotelem</strong></span> <span class='ocrx_word' id='word_1_88' title='bbox 581 1615 692 1680; x_wconf 88' lang='lat' dir='ltr'><strong>testem</strong></span> <span class='ocrx_word' id='word_1_89' title='bbox 724 1615 876 1696; x_wconf 83' lang='lat' dir='ltr'><strong>producit.</strong></span> <span class='ocrx_word' id='word_1_90' title='bbox 923 1612 990 1692; x_wconf 83' lang='lat' dir='ltr'><strong>Qua</strong></span> <span class='ocrx_word' id='word_1_91' title='bbox 1021 1615 1052 1677; x_wconf 92' lang='grc'><strong>13</strong></span> <span class='ocrx_word' id='word_1_92' title='bbox 1079 1632 1111 1677; x_wconf 90' lang='grc'><strong>33</strong></span> <span class='ocrx_word' id='word_1_93' title='bbox 1133 1610 1289 1675; x_wconf 89' lang='lat' dir='ltr'><strong>interdum</strong></span> 
     </span>
     <span class='ocr_line' id='line_1_13' title="bbox 167 1713 1288 1795; baseline -0.004 -15"><span class='ocrx_word' id='word_1_94' title='bbox 167 1716 286 1795; x_wconf 86' lang='lat' dir='ltr'><strong>accidit,</strong></span> <span class='ocrx_word' id='word_1_95' title='bbox 322 1717 357 1780; x_wconf 92' lang='lat' dir='ltr'><strong>ut</strong></span> <span class='ocrx_word' id='word_1_96' title='bbox 387 1718 489 1782; x_wconf 90' lang='lat' dir='ltr'><strong>verbis</strong></span> <span class='ocrx_word' id='word_1_97' title='bbox 519 1717 614 1783; x_wconf 90' lang='grc'><strong>133113</strong></span> <span class='ocrx_word' id='word_1_98' title='bbox 645 1718 737 1781; x_wconf 90' lang='lat' dir='ltr'><strong>nimis</strong></span> <span class='ocrx_word' id='word_1_99' title='bbox 769 1717 934 1782; x_wconf 88' lang='lat' dir='ltr'><strong>contractis</strong></span> <span class='ocrx_word' id='word_1_100' title='bbox 962 1735 1033 1781; x_wconf 88' lang='lat' dir='ltr'><strong>vera.</strong></span> <span class='ocrx_word' id='word_1_101' title='bbox 1054 1713 1208 1779; x_wconf 87' lang='lat' dir='ltr'><strong>sententia</strong></span> <span class='ocrx_word' id='word_1_102' title='bbox 1230 1732 1288 1778; x_wconf 95' lang='lat' dir='ltr'><strong>non</strong></span> 
     </span>
     <span class='ocr_line' id='line_1_14' title="bbox 167 1817 1290 1902; baseline -0.003 -20"><span class='ocrx_word' id='word_1_103' title='bbox 167 1821 238 1883; x_wconf 91' lang='grc'><strong>3313</strong></span> <span class='ocrx_word' id='word_1_104' title='bbox 261 1822 402 1902; x_wconf 86' lang='lat' dir='ltr'><strong>cognosci</strong></span> <span class='ocrx_word' id='word_1_105' title='bbox 424 1822 538 1902; x_wconf 89' lang='lat' dir='ltr'><strong>posset,</strong></span> <span class='ocrx_word' id='word_1_106' title='bbox 563 1841 654 1902; x_wconf 88' lang='lat' dir='ltr'><strong>quam</strong></span> <span class='ocrx_word' id='word_1_107' title='bbox 679 1840 776 1886; x_wconf 90' lang='lat' dir='ltr'><strong>novus</strong></span> <span class='ocrx_word' id='word_1_108' title='bbox 798 1821 923 1885; x_wconf 90' lang='lat' dir='ltr'><strong>libellus</strong></span> <span class='ocrx_word' id='word_1_109' title='bbox 947 1821 1033 1885; x_wconf 90' lang='lat' dir='ltr'><strong>nobis</strong></span> <span class='ocrx_word' id='word_1_110' title='bbox 1052 1819 1182 1884; x_wconf 90' lang='lat' dir='ltr'><strong>donatus</strong></span> <span class='ocrx_word' id='word_1_111' title='bbox 1198 1817 1290 1890; x_wconf 89' lang='grc'><strong>33331,</strong></span> 
     </span>
     <span class='ocr_line' id='line_1_15' title="bbox 167 1919 1290 2010; baseline -0.005 -22"><span class='ocrx_word' id='word_1_112' title='bbox 167 1922 253 1988; x_wconf 85' lang='lat' dir='ltr'><strong>velut</strong></span> <span class='ocrx_word' id='word_1_113' title='bbox 286 1943 310 1986; x_wconf 92' lang='lat' dir='ltr'><strong>s.</strong></span> <span class='ocrx_word' id='word_1_114' title='bbox 334 1943 361 1987; x_wconf 93' lang='lat' dir='ltr'><strong>v.</strong></span> <span class='ocrx_word' id='word_1_115' title='bbox 386 1922 498 1999; x_wconf 76' lang='grc' dir='ltr'>ἱππὰςε</span> <span class='ocrx_word' id='word_1_116' title='bbox 531 1923 754 2010; x_wconf 81' lang='grc' dir='ltr'>Ἀριστοτέλης</span> <span class='ocrx_word' id='word_1_117' title='bbox 777 1925 839 1988; x_wconf 86' lang='grc' dir='ltr'>δ’έν</span> <span class='ocrx_word' id='word_1_118' title='bbox 860 1923 1042 2009; x_wconf 70' lang='grc' dir='ltr'>Ἀθηναίων</span> <span class='ocrx_word' id='word_1_119' title='bbox 1064 1919 1207 2004; x_wconf 76' lang='grc' dir='ltr'>πολιτείᾳ</span> <span class='ocrx_word' id='word_1_120' title='bbox 1230 1941 1290 2004; x_wconf 83' lang='grc' dir='ltr'><strong>φη-</strong></span> 
     </span>
     <span class='ocr_line' id='line_1_16' title="bbox 168 2021 1288 2113; baseline -0.003 -25"><span class='ocrx_word' id='word_1_121' title='bbox 168 2027 215 2088; x_wconf 80' lang='grc' dir='ltr'><strong>σὶν</strong></span> <span class='ocrx_word' id='word_1_122' title='bbox 238 2026 284 2087; x_wconf 81' lang='grc' dir='ltr'>ὅτι</span> <span class='ocrx_word' id='word_1_123' title='bbox 307 2025 416 2090; x_wconf 76' lang='grc' dir='ltr'>Σόλων</span> <span class='ocrx_word' id='word_1_124' title='bbox 439 2028 481 2102; x_wconf 86' lang='grc' dir='ltr'><strong>εἰς</strong></span> <span class='ocrx_word' id='word_1_125' title='bbox 503 2031 523 2089; x_wconf 85' lang='grc'>4</span> <span class='ocrx_word' id='word_1_126' title='bbox 546 2026 642 2089; x_wconf 88' lang='grc' dir='ltr'>διεῖλε</span> <span class='ocrx_word' id='word_1_127' title='bbox 673 2027 751 2113; x_wconf 79' lang='grc' dir='ltr'>τέλη</span> <span class='ocrx_word' id='word_1_128' title='bbox 784 2030 819 2091; x_wconf 82' lang='grc' dir='ltr'>τὸ</span> <span class='ocrx_word' id='word_1_129' title='bbox 852 2037 913 2090; x_wconf 78' lang='grc' dir='ltr'><strong>πᾶν</strong></span> <span class='ocrx_word' id='word_1_130' title='bbox 944 2026 1071 2109; x_wconf 69' lang='grc' dir='ltr'>πλῆθος</span> <span class='ocrx_word' id='word_1_131' title='bbox 1092 2021 1288 2108; x_wconf 69' lang='grc' dir='ltr'>Ἀθηναίων,</span> 
     </span>
     <span class='ocr_line' id='line_1_17' title="bbox 168 2127 1288 2214; baseline -0.003 -24"><span class='ocrx_word' id='word_1_132' title='bbox 168 2129 520 2214; x_wconf 84' lang='grc' dir='ltr'>πεντακοσιομεδίμνους</span> <span class='ocrx_word' id='word_1_133' title='bbox 560 2133 615 2193; x_wconf 81' lang='grc' dir='ltr'><strong>καὶ</strong></span> <span class='ocrx_word' id='word_1_134' title='bbox 652 2130 763 2206; x_wconf 81' lang='grc' dir='ltr'>ἱππέας</span> <span class='ocrx_word' id='word_1_135' title='bbox 807 2133 862 2193; x_wconf 84' lang='grc' dir='ltr'><strong>καὶ</strong></span> <span class='ocrx_word' id='word_1_136' title='bbox 899 2129 1044 2213; x_wconf 76' lang='grc' dir='ltr'>ζευγίτας</span> <span class='ocrx_word' id='word_1_137' title='bbox 1080 2129 1135 2190; x_wconf 81' lang='grc' dir='ltr'><strong>καὶ</strong></span> <span class='ocrx_word' id='word_1_138' title='bbox 1171 2127 1288 2210; x_wconf 74' lang='grc' dir='ltr'>θητας.</span> 
     </span>
     <span class='ocr_line' id='line_1_18' title="bbox 168 2227 1291 2315; baseline -0.003 -22"><span class='ocrx_word' id='word_1_139' title='bbox 168 2229 253 2308; x_wconf 74' lang='lat' dir='ltr'><strong>Quae</strong></span> <span class='ocrx_word' id='word_1_140' title='bbox 285 2250 320 2294; x_wconf 86' lang='lat' dir='ltr'><strong>ex</strong></span> <span class='ocrx_word' id='word_1_141' title='bbox 343 2232 395 2294; x_wconf 91' lang='lat' dir='ltr'><strong>Ar.</strong></span> <span class='ocrx_word' id='word_1_142' title='bbox 429 2250 494 2314; x_wconf 88' lang='lat' dir='ltr'><strong>cap.</strong></span> <span class='ocrx_word' id='word_1_143' title='bbox 519 2232 547 2295; x_wconf 81' lang='lat'><strong>7.</strong></span> <span class='ocrx_word' id='word_1_144' title='bbox 581 2233 612 2298; x_wconf 88' lang='lat'><strong>3.</strong></span> <span class='ocrx_word' id='word_1_145' title='bbox 636 2235 778 2315; x_wconf 81' lang='lat' dir='ltr'><strong>sumpsit,</strong></span> <span class='ocrx_word' id='word_1_146' title='bbox 810 2234 922 2298; x_wconf 92' lang='lat' dir='ltr'><strong>omisso</strong></span> <span class='ocrx_word' id='word_1_147' title='bbox 955 2231 1114 2295; x_wconf 89' lang='lat' dir='ltr'><strong>enuntiato</strong></span> <span class='ocrx_word' id='word_1_148' title='bbox 1139 2227 1291 2311; x_wconf 68' lang='grc' dir='ltr'>καθάπερ</span> 
     </span>
     <span class='ocr_line' id='line_1_19' title="bbox 168 2331 1291 2419; baseline 0 -24"><span class='ocrx_word' id='word_1_149' title='bbox 168 2332 297 2417; x_wconf 82' lang='grc' dir='ltr'>διηρητο</span> <span class='ocrx_word' id='word_1_150' title='bbox 321 2335 376 2396; x_wconf 83' lang='grc' dir='ltr'><strong>καὶ</strong></span> <span class='ocrx_word' id='word_1_151' title='bbox 399 2334 547 2419; x_wconf 77' lang='grc' dir='ltr'>πρότερον</span> <span class='ocrx_word' id='word_1_152' title='bbox 577 2338 630 2415; x_wconf 90' lang='grc'><strong>113,</strong></span> <span class='ocrx_word' id='word_1_153' title='bbox 664 2339 699 2401; x_wconf 90' lang='grc'><strong>31</strong></span> <span class='ocrx_word' id='word_1_154' title='bbox 730 2336 896 2400; x_wconf 86' lang='lat' dir='ltr'><strong>secundnm</strong></span> <span class='ocrx_word' id='word_1_155' title='bbox 920 2333 1195 2416; x_wconf 85' lang='lat' dir='ltr'><strong>Harpocrationem</strong></span> <span class='ocrx_word' id='word_1_156' title='bbox 1217 2331 1291 2395; x_wconf 89' lang='lat' dir='ltr'><strong>Ari·</strong></span> 
     </span>
     <span class='ocr_line' id='line_1_20' title="bbox 168 2434 1290 2521; baseline -0.002 -22"><span class='ocrx_word' id='word_1_157' title='bbox 168 2436 294 2502; x_wconf 91' lang='lat' dir='ltr'><strong>stoteles</strong></span> <span class='ocrx_word' id='word_1_158' title='bbox 326 2436 438 2503; x_wconf 84' lang='lat' dir='ltr'><strong>dixisse</strong></span> <span class='ocrx_word' id='word_1_159' title='bbox 461 2437 611 2517; x_wconf 89' lang='lat' dir='ltr'><strong>videatur,</strong></span> <span class='ocrx_word' id='word_1_160' title='bbox 645 2439 788 2504; x_wconf 90' lang='lat' dir='ltr'><strong>Solonem</strong></span> <span class='ocrx_word' id='word_1_161' title='bbox 820 2440 956 2521; x_wconf 90' lang='lat' dir='ltr'><strong>primum</strong></span> <span class='ocrx_word' id='word_1_162' title='bbox 987 2437 1135 2519; x_wconf 91' lang='lat' dir='ltr'><strong>populum</strong></span> <span class='ocrx_word' id='word_1_163' title='bbox 1158 2434 1290 2499; x_wconf 91' lang='lat' dir='ltr'><strong>Atheni-</strong></span> 
     </span>
     <span class='ocr_line' id='line_1_21' title="bbox 168 2539 1291 2623; baseline -0.002 -22"><span class='ocrx_word' id='word_1_164' title='bbox 168 2539 287 2605; x_wconf 84' lang='lat' dir='ltr'><strong>ensium</strong></span> <span class='ocrx_word' id='word_1_165' title='bbox 311 2541 341 2604; x_wconf 95' lang='lat' dir='ltr'><strong>in</strong></span> <span class='ocrx_word' id='word_1_166' title='bbox 365 2544 510 2623; x_wconf 88' lang='lat' dir='ltr'><strong>quattuor</strong></span> <span class='ocrx_word' id='word_1_167' title='bbox 541 2543 617 2607; x_wconf 86' lang='lat' dir='ltr'><strong>istas</strong></span> <span class='ocrx_word' id='word_1_168' title='bbox 641 2543 754 2607; x_wconf 85' lang='lat' dir='ltr'><strong>classes</strong></span> <span class='ocrx_word' id='word_1_169' title='bbox 787 2543 991 2606; x_wconf 89' lang='lat' dir='ltr'><strong>distribuisse.</strong></span> <span class='ocrx_word' id='word_1_170' title='bbox 1037 2541 1154 2604; x_wconf 85' lang='lat' dir='ltr'><strong>Revera</strong></span> <span class='ocrx_word' id='word_1_171' title='bbox 1186 2540 1291 2603; x_wconf 91' lang='lat' dir='ltr'><strong>autem</strong></span> 
     </span>
     <span class='ocr_line' id='line_1_22' title="bbox 167 2642 1291 2725; baseline -0.001 -20"><span class='ocrx_word' id='word_1_172' title='bbox 167 2644 351 2710; x_wconf 89' lang='lat' dir='ltr'><strong>Aristoteles</strong></span> <span class='ocrx_word' id='word_1_173' title='bbox 384 2647 551 2724; x_wconf 86' lang='lat' dir='ltr'><strong>contendit,</strong></span> <span class='ocrx_word' id='word_1_174' title='bbox 590 2646 732 2711; x_wconf 85' lang='lat' dir='ltr'><strong>Solonem</strong></span> <span class='ocrx_word' id='word_1_175' title='bbox 765 2645 885 2710; x_wconf 92' lang='lat' dir='ltr'><strong>ordines</strong></span> <span class='ocrx_word' id='word_1_176' title='bbox 917 2646 988 2708; x_wconf 89' lang='lat' dir='ltr'><strong>ante</strong></span> <span class='ocrx_word' id='word_1_177' title='bbox 1020 2663 1091 2708; x_wconf 92' lang='lat' dir='ltr'><strong>eum</strong></span> <span class='ocrx_word' id='word_1_178' title='bbox 1118 2642 1184 2725; x_wconf 87' lang='lat' dir='ltr'><strong>jam</strong></span> <span class='ocrx_word' id='word_1_179' title='bbox 1217 2659 1291 2705; x_wconf 90' lang='lat' dir='ltr'><strong>con·</strong></span> 
     </span>
     <span class='ocr_line' id='line_1_23' title="bbox 168 2743 1292 2831; baseline -0.001 -23"><span class='ocrx_word' id='word_1_180' title='bbox 168 2747 294 2813; x_wconf 91' lang='lat' dir='ltr'><strong>stitutos</strong></span> <span class='ocrx_word' id='word_1_181' title='bbox 325 2751 389 2812; x_wconf 91' lang='lat' dir='ltr'><strong>suis</strong></span> <span class='ocrx_word' id='word_1_182' title='bbox 413 2753 532 2813; x_wconf 85' lang='lat' dir='ltr'><strong>tentum</strong></span> <span class='ocrx_word' id='word_1_183' title='bbox 555 2748 676 2831; x_wconf 86' lang='lat' dir='ltr'><strong>legibus</strong></span> <span class='ocrx_word' id='word_1_184' title='bbox 699 2751 731 2813; x_wconf 89' lang='grc'><strong>31</strong></span> <span class='ocrx_word' id='word_1_185' title='bbox 752 2749 904 2813; x_wconf 87' lang='grc'><strong>1331113113</strong></span> <span class='ocrx_word' id='word_1_186' title='bbox 927 2746 1183 2811; x_wconf 87' lang='lat' dir='ltr'><strong>accommodasse.</strong></span> <span class='ocrx_word' id='word_1_187' title='bbox 1230 2743 1292 2809; x_wconf 87' lang='lat' dir='ltr'><strong>Sed</strong></span> 
     </span>
     <span class='ocr_line' id='line_1_24' title="bbox 167 2847 1292 2931; baseline -0.004 -18"><span class='ocrx_word' id='word_1_188' title='bbox 167 2869 349 2931; x_wconf 86' lang='lat' dir='ltr'><strong>numquam,</strong></span> <span class='ocrx_word' id='word_1_189' title='bbox 381 2852 433 2915; x_wconf 89' lang='lat' dir='ltr'><strong>ubi</strong></span> <span class='ocrx_word' id='word_1_190' title='bbox 466 2853 667 2918; x_wconf 90' lang='lat' dir='ltr'><strong>Aristotelem</strong></span> <span class='ocrx_word' id='word_1_191' title='bbox 698 2852 819 2924; x_wconf 89' lang='lat' dir='ltr'><strong>laudat,</strong></span> <span class='ocrx_word' id='word_1_192' title='bbox 853 2852 918 2915; x_wconf 89' lang='lat' dir='ltr'><strong>eius</strong></span> <span class='ocrx_word' id='word_1_193' title='bbox 950 2850 1106 2914; x_wconf 87' lang='lat' dir='ltr'><strong>doctrinae</strong></span> <span class='ocrx_word' id='word_1_194' title='bbox 1138 2847 1292 2912; x_wconf 87' lang='lat' dir='ltr'><strong>contraria</strong></span> 
     </span>
     <span class='ocr_line' id='line_1_25' title="bbox 168 2951 1292 3036; baseline -0.001 -22"><span class='ocrx_word' id='word_1_195' title='bbox 168 2951 266 3015; x_wconf 89' lang='grc'><strong>311331.</strong></span> <span class='ocrx_word' id='word_1_196' title='bbox 311 2952 443 3017; x_wconf 93' lang='lat' dir='ltr'><strong>Omnino</strong></span> <span class='ocrx_word' id='word_1_197' title='bbox 475 2954 627 3019; x_wconf 86' lang='lat' dir='ltr'><strong>affirmare</strong></span> <span class='ocrx_word' id='word_1_198' title='bbox 658 2973 832 3036; x_wconf 89' lang='lat' dir='ltr'><strong>possumus,</strong></span> <span class='ocrx_word' id='word_1_199' title='bbox 864 2954 902 3018; x_wconf 90' lang='lat' dir='ltr'><strong>ab</strong></span> <span class='ocrx_word' id='word_1_200' title='bbox 924 2952 1166 3035; x_wconf 86' lang='lat' dir='ltr'><strong>Harpocratione</strong></span> <span class='ocrx_word' id='word_1_201' title='bbox 1197 2951 1292 3015; x_wconf 85' lang='grc'><strong>33313</strong></span> 
     </span>
     <span class='ocr_line' id='line_1_26' title="bbox 168 3053 1291 3139; baseline 0.001 -22"><span class='ocrx_word' id='word_1_202' title='bbox 168 3054 357 3119; x_wconf 84' lang='lat' dir='ltr'><strong>Aristotelea</strong></span> <span class='ocrx_word' id='word_1_203' title='bbox 380 3058 494 3139; x_wconf 92' lang='lat' dir='ltr'><strong>optime</strong></span> <span class='ocrx_word' id='word_1_204' title='bbox 518 3061 696 3123; x_wconf 89' lang='lat' dir='ltr'><strong>conservata</strong></span> <span class='ocrx_word' id='word_1_205' title='bbox 727 3076 803 3135; x_wconf 90' lang='grc'><strong>3333,</strong></span> <span class='ocrx_word' id='word_1_206' title='bbox 835 3057 1002 3133; x_wconf 84' lang='grc'><strong>3331331133</strong></span> <span class='ocrx_word' id='word_1_207' title='bbox 1034 3055 1099 3119; x_wconf 92' lang='lat' dir='ltr'><strong>eius</strong></span> <span class='ocrx_word' id='word_1_208' title='bbox 1117 3053 1291 3138; x_wconf 90' lang='lat' dir='ltr'><strong>justissimo</strong></span> 
     </span>
     <span class='ocr_line' id='line_1_27' title="bbox 168 3157 1290 3243; baseline 0 -23"><span class='ocrx_word' id='word_1_209' title='bbox 168 3157 305 3223; x_wconf 89' lang='grc'><strong>33111133</strong></span> <span class='ocrx_word' id='word_1_210' title='bbox 322 3177 399 3232; x_wconf 91' lang='grc'><strong>3333,</strong></span> <span class='ocrx_word' id='word_1_211' title='bbox 425 3161 631 3243; x_wconf 89' lang='lat' dir='ltr'><strong>quotcumque</strong></span> <span class='ocrx_word' id='word_1_212' title='bbox 654 3161 729 3226; x_wconf 90' lang='lat' dir='ltr'><strong>locis</strong></span> <span class='ocrx_word' id='word_1_213' title='bbox 745 3159 1007 3241; x_wconf 87' lang='lat' dir='ltr'><strong>Harpocrationea</strong></span> <span class='ocrx_word' id='word_1_214' title='bbox 1027 3160 1197 3240; x_wconf 87' lang='lat' dir='ltr'><strong>ponderare</strong></span> <span class='ocrx_word' id='word_1_215' title='bbox 1219 3175 1290 3238; x_wconf 90' lang='lat' dir='ltr'><strong>pos·</strong></span> 
     </span>
     <span class='ocr_line' id='line_1_28' title="bbox 169 3260 1292 3347; baseline 0 -24"><span class='ocrx_word' id='word_1_216' title='bbox 169 3279 275 3325; x_wconf 89' lang='lat' dir='ltr'><strong>sumus</strong></span> <span class='ocrx_word' id='word_1_217' title='bbox 297 3281 314 3325; x_wconf 94' lang='grc'><strong>3</strong></span> <span class='ocrx_word' id='word_1_218' title='bbox 336 3263 438 3328; x_wconf 85' lang='lat' dir='ltr'><strong>verbis</strong></span> <span class='ocrx_word' id='word_1_219' title='bbox 461 3266 631 3329; x_wconf 89' lang='lat' dir='ltr'><strong>ceterorum</strong></span> <span class='ocrx_word' id='word_1_220' title='bbox 652 3264 937 3347; x_wconf 82' lang='lat' dir='ltr'><strong>lexicograpborum</strong></span> <span class='ocrx_word' id='word_1_221' title='bbox 962 3280 1151 3346; x_wconf 86' lang='lat' dir='ltr'><strong>graecorum.</strong></span> <span class='ocrx_word' id='word_1_222' title='bbox 1188 3260 1292 3325; x_wconf 85' lang='lat' dir='ltr'><strong>Semel</strong></span> 
     </span>
     <span class='ocr_line' id='line_1_29' title="bbox 168 3364 1291 3452; baseline 0.002 -27"><span class='ocrx_word' id='word_1_223' title='bbox 168 3364 289 3428; x_wconf 90' lang='lat' dir='ltr'><strong>tantum</strong></span> <span class='ocrx_word' id='word_1_224' title='bbox 313 3384 327 3429; x_wconf 88' lang='grc'><strong>3</strong></span> <span class='ocrx_word' id='word_1_225' title='bbox 360 3384 390 3430; x_wconf 87' lang='grc'><strong>3.</strong></span> <span class='ocrx_word' id='word_1_226' title='bbox 413 3366 585 3452; x_wconf 81' lang='grc' dir='ltr'>ἐπιστάτης</span> <span class='ocrx_word' id='word_1_227' title='bbox 601 3396 640 3423; x_wconf 91' lang='lat'>=</span> <span class='ocrx_word' id='word_1_228' title='bbox 656 3369 710 3431; x_wconf 87' lang='lat' dir='ltr'><strong>Ar.</strong></span> <span class='ocrx_word' id='word_1_229' title='bbox 736 3385 802 3448; x_wconf 87' lang='lat' dir='ltr'><strong>cap.</strong></span> <span class='ocrx_word' id='word_1_230' title='bbox 825 3368 877 3429; x_wconf 84' lang='lat'><strong>44.</strong></span> <span class='ocrx_word' id='word_1_231' title='bbox 900 3368 1017 3430; x_wconf 87' lang='lat' dir='ltr'><strong>tentem</strong></span> <span class='ocrx_word' id='word_1_232' title='bbox 1039 3366 1198 3445; x_wconf 89' lang='lat' dir='ltr'><strong>tantopere</strong></span> <span class='ocrx_word' id='word_1_233' title='bbox 1219 3382 1291 3427; x_wconf 91' lang='lat' dir='ltr'><strong>mu·</strong></span> 
     </span>
     <span class='ocr_line' id='line_1_30' title="bbox 168 3465 1291 3554; baseline -0.001 -24"><span class='ocrx_word' id='word_1_234' title='bbox 168 3465 248 3545; x_wconf 87' lang='lat' dir='ltr'><strong>tilat,</strong></span> <span class='ocrx_word' id='word_1_235' title='bbox 279 3469 315 3532; x_wconf 90' lang='grc'><strong>31</strong></span> <span class='ocrx_word' id='word_1_236' title='bbox 337 3469 502 3534; x_wconf 83' lang='grc' dir='ltr'>ἐπιστσὶται</span> <span class='ocrx_word' id='word_1_237' title='bbox 525 3470 704 3554; x_wconf 84' lang='grc' dir='ltr'>πρυτάνεων</span> <span class='ocrx_word' id='word_1_238' title='bbox 736 3472 767 3535; x_wconf 91' lang='grc'><strong>31</strong></span> <span class='ocrx_word' id='word_1_239' title='bbox 790 3469 944 3553; x_wconf 83' lang='grc' dir='ltr'>προέδρων</span> <span class='ocrx_word' id='word_1_240' title='bbox 974 3488 1063 3550; x_wconf 87' lang='lat' dir='ltr'><strong>paros</strong></span> <span class='ocrx_word' id='word_1_241' title='bbox 1086 3469 1181 3532; x_wconf 88' lang='grc'><strong>131333</strong></span> <span class='ocrx_word' id='word_1_242' title='bbox 1202 3465 1291 3531; x_wconf 85' lang='lat' dir='ltr'><strong>uide-</strong></span> 
     </span>
     <span class='ocr_line' id='line_1_31' title="bbox 168 3571 1289 3648; baseline 0 -15"><span class='ocrx_word' id='word_1_243' title='bbox 168 3572 267 3648; x_wconf 90' lang='lat' dir='ltr'><strong>antur,</strong></span> <span class='ocrx_word' id='word_1_244' title='bbox 306 3591 375 3636; x_wconf 93' lang='lat' dir='ltr'><strong>cum</strong></span> <span class='ocrx_word' id='word_1_245' title='bbox 407 3593 513 3637; x_wconf 90' lang='grc'><strong>333333</strong></span> <span class='ocrx_word' id='word_1_246' title='bbox 543 3574 593 3638; x_wconf 88' lang='lat' dir='ltr'><strong>hic</strong></span> <span class='ocrx_word' id='word_1_247' title='bbox 626 3574 663 3638; x_wconf 88' lang='lat' dir='ltr'><strong>ab</strong></span> <span class='ocrx_word' id='word_1_248' title='bbox 695 3575 749 3637; x_wconf 96' lang='grc'><strong>1113</strong></span> <span class='ocrx_word' id='word_1_249' title='bbox 785 3573 907 3637; x_wconf 92' lang='lat' dir='ltr'><strong>demum</strong></span> <span class='ocrx_word' id='word_1_250' title='bbox 942 3573 1024 3637; x_wconf 88' lang='lat' dir='ltr'><strong>sorte</strong></span> <span class='ocrx_word' id='word_1_251' title='bbox 1056 3572 1219 3647; x_wconf 72' lang='lat' dir='ltr'><strong>crearetur,</strong></span> <span class='ocrx_word' id='word_1_252' title='bbox 1259 3571 1289 3635; x_wconf 93' lang='lat' dir='ltr'><strong>id</strong></span> 
     </span>
     <span class='ocr_line' id='line_1_32' title="bbox 168 3674 1291 3758; baseline -0.001 -21"><span class='ocrx_word' id='word_1_253' title='bbox 168 3674 250 3755; x_wconf 90' lang='lat' dir='ltr'><strong>quod</strong></span> <span class='ocrx_word' id='word_1_254' title='bbox 281 3675 401 3758; x_wconf 85' lang='lat' dir='ltr'><strong>integer</strong></span> <span class='ocrx_word' id='word_1_255' title='bbox 423 3677 606 3742; x_wconf 88' lang='lat' dir='ltr'><strong>Aristoteles</strong></span> <span class='ocrx_word' id='word_1_256' title='bbox 638 3695 692 3741; x_wconf 93' lang='lat' dir='ltr'><strong>nos</strong></span> <span class='ocrx_word' id='word_1_257' title='bbox 724 3677 837 3740; x_wconf 86' lang='lat' dir='ltr'><strong>docuit.</strong></span> <span class='ocrx_word' id='word_1_258' title='bbox 887 3676 992 3740; x_wconf 92' lang='lat' dir='ltr'><strong>Altero</strong></span> <span class='ocrx_word' id='word_1_259' title='bbox 1015 3675 1082 3740; x_wconf 92' lang='lat' dir='ltr'><strong>loco</strong></span> <span class='ocrx_word' id='word_1_260' title='bbox 1105 3694 1129 3739; x_wconf 94' lang='lat' dir='ltr'><strong>s.</strong></span> <span class='ocrx_word' id='word_1_261' title='bbox 1153 3694 1182 3739; x_wconf 88' lang='grc'><strong>3.</strong></span> <span class='ocrx_word' id='word_1_262' title='bbox 1208 3675 1291 3737; x_wconf 87' lang='grc' dir='ltr'>ἀντι-</span> 
     </span>
     <span class='ocr_line' id='line_1_33' title="bbox 169 3777 1292 3860; baseline 0.002 -21"><span class='ocrx_word' id='word_1_263' title='bbox 169 3777 306 3860; x_wconf 78' lang='grc' dir='ltr'>γραφεὺς</span> <span class='ocrx_word' id='word_1_264' title='bbox 321 3779 524 3844; x_wconf 90' lang='lat' dir='ltr'><strong>Aristotelem</strong></span> <span class='ocrx_word' id='word_1_265' title='bbox 547 3781 674 3844; x_wconf 91' lang='lat' dir='ltr'><strong>liberius</strong></span> <span class='ocrx_word' id='word_1_266' title='bbox 690 3781 838 3845; x_wconf 88' lang='lat' dir='ltr'><strong>tractasse</strong></span> <span class='ocrx_word' id='word_1_267' title='bbox 860 3779 991 3858; x_wconf 86' lang='lat' dir='ltr'><strong>videtur,</strong></span> <span class='ocrx_word' id='word_1_268' title='bbox 1015 3780 1052 3843; x_wconf 93' lang='lat' dir='ltr'><strong>de</strong></span> <span class='ocrx_word' id='word_1_269' title='bbox 1076 3797 1136 3860; x_wconf 90' lang='lat' dir='ltr'><strong>qua</strong></span> <span class='ocrx_word' id='word_1_270' title='bbox 1156 3798 1189 3843; x_wconf 88' lang='lat' dir='ltr'><strong>re</strong></span> <span class='ocrx_word' id='word_1_271' title='bbox 1211 3777 1292 3841; x_wconf 90' lang='grc'><strong>13133</strong></span> 
     </span>
     <span class='ocr_line' id='line_1_34' title="bbox 169 3880 1291 3963; baseline 0.003 -21"><span class='ocrx_word' id='word_1_272' title='bbox 169 3881 294 3944; x_wconf 89' lang='lat' dir='ltr'><strong>uberius</strong></span> <span class='ocrx_word' id='word_1_273' title='bbox 327 3882 491 3947; x_wconf 91' lang='lat' dir='ltr'><strong>dicendum</strong></span> <span class='ocrx_word' id='word_1_274' title='bbox 522 3885 589 3947; x_wconf 90' lang='lat' dir='ltr'><strong>erit.</strong></span> <span class='ocrx_word' id='word_1_275' title='bbox 643 3883 758 3949; x_wconf 91' lang='lat' dir='ltr'><strong>lisdem</strong></span> <span class='ocrx_word' id='word_1_276' title='bbox 790 3883 839 3948; x_wconf 87' lang='lat' dir='ltr'><strong>vel</strong></span> <span class='ocrx_word' id='word_1_277' title='bbox 871 3883 1025 3947; x_wconf 90' lang='lat' dir='ltr'><strong>similibus</strong></span> <span class='ocrx_word' id='word_1_278' title='bbox 1057 3881 1157 3946; x_wconf 92' lang='lat' dir='ltr'><strong>verbis</strong></span> <span class='ocrx_word' id='word_1_279' title='bbox 1180 3880 1291 3963; x_wconf 88' lang='lat' dir='ltr'><strong>quibus</strong></span> 
     </span>
     <span class='ocr_line' id='line_1_35' title="bbox 169 3982 1291 4066; baseline 0.001 -21"><span class='ocrx_word' id='word_1_280' title='bbox 169 3983 273 4048; x_wconf 91' lang='lat' dir='ltr'><strong>nostro</strong></span> <span class='ocrx_word' id='word_1_281' title='bbox 296 3982 362 4048; x_wconf 93' lang='lat' dir='ltr'><strong>loco</strong></span> <span class='ocrx_word' id='word_1_282' title='bbox 386 3984 614 4066; x_wconf 90' lang='lat' dir='ltr'><strong>Harpocration</strong></span> <span class='ocrx_word' id='word_1_283' title='bbox 636 3985 838 4051; x_wconf 88' lang='lat' dir='ltr'><strong>Aristotelem</strong></span> <span class='ocrx_word' id='word_1_284' title='bbox 869 3986 952 4049; x_wconf 90' lang='lat' dir='ltr'><strong>hisce</strong></span> <span class='ocrx_word' id='word_1_285' title='bbox 982 3985 1059 4050; x_wconf 89' lang='lat' dir='ltr'><strong>locis</strong></span> <span class='ocrx_word' id='word_1_286' title='bbox 1086 3984 1197 4048; x_wconf 88' lang='lat' dir='ltr'><strong>testem</strong></span> <span class='ocrx_word' id='word_1_287' title='bbox 1222 4002 1291 4064; x_wconf 87' lang='lat' dir='ltr'><strong>pro·</strong></span> 
     </span>
     <span class='ocr_line' id='line_1_36' title="bbox 170 4085 1291 4174; baseline 0.001 -26"><span class='ocrx_word' id='word_1_288' title='bbox 170 4085 273 4150; x_wconf 83' lang='lat' dir='ltr'><strong>ducit:</strong></span> <span class='ocrx_word' id='word_1_289' title='bbox 298 4105 322 4150; x_wconf 84' lang='grc'><strong>3.</strong></span> <span class='ocrx_word' id='word_1_290' title='bbox 341 4105 369 4150; x_wconf 87' lang='grc' dir='ltr'><strong>ν.</strong></span> <span class='ocrx_word' id='word_1_291' title='bbox 393 4086 663 4174; x_wconf 79' lang='grc' dir='ltr'>διαμεμετρημὲνη</span> <span class='ocrx_word' id='word_1_292' title='bbox 687 4088 801 4173; x_wconf 75' lang='grc' dir='ltr'>ἡμέρα,</span> <span class='ocrx_word' id='word_1_293' title='bbox 827 4086 995 4172; x_wconf 85' lang='grc' dir='ltr'>διαιτηταί,</span> <span class='ocrx_word' id='word_1_294' title='bbox 1020 4085 1202 4170; x_wconf 85' lang='grc' dir='ltr'>πρυτανεία,</span> <span class='ocrx_word' id='word_1_295' title='bbox 1227 4107 1291 4149; x_wconf 88' lang='grc' dir='ltr'><strong>πω-</strong></span> 
     </span>
     <span class='ocr_line' id='line_1_37' title="bbox 170 4188 1291 4273; baseline 0 -22"><span class='ocrx_word' id='word_1_296' title='bbox 170 4188 278 4273; x_wconf 80' lang='grc' dir='ltr'>ληταί.</span> <span class='ocrx_word' id='word_1_297' title='bbox 328 4189 452 4255; x_wconf 91' lang='lat' dir='ltr'><strong>Primus</strong></span> <span class='ocrx_word' id='word_1_298' title='bbox 473 4191 560 4255; x_wconf 92' lang='lat' dir='ltr'><strong>locus</strong></span> <span class='ocrx_word' id='word_1_299' title='bbox 583 4194 733 4273; x_wconf 87' lang='lat' dir='ltr'><strong>quatenus</strong></span> <span class='ocrx_word' id='word_1_300' title='bbox 757 4211 792 4255; x_wconf 85' lang='lat' dir='ltr'><strong>ex</strong></span> <span class='ocrx_word' id='word_1_301' title='bbox 813 4191 981 4255; x_wconf 88' lang='lat' dir='ltr'><strong>Aristotele</strong></span> <span class='ocrx_word' id='word_1_302' title='bbox 1003 4191 1145 4273; x_wconf 84' lang='lat' dir='ltr'><strong>pendeat,</strong></span> <span class='ocrx_word' id='word_1_303' title='bbox 1178 4188 1291 4270; x_wconf 82' lang='lat' dir='ltr'><strong>dijudi-</strong></span> 
     </span>
     <span class='ocr_line' id='line_1_38' title="bbox 169 4291 1289 4378; baseline -0.003 -22"><span class='ocrx_word' id='word_1_304' title='bbox 169 4295 233 4356; x_wconf 88' lang='lat' dir='ltr'><strong>cari</strong></span> <span class='ocrx_word' id='word_1_305' title='bbox 248 4313 307 4358; x_wconf 90' lang='lat' dir='ltr'><strong>non</strong></span> <span class='ocrx_word' id='word_1_306' title='bbox 324 4296 435 4375; x_wconf 86' lang='lat' dir='ltr'><strong>potest,</strong></span> <span class='ocrx_word' id='word_1_307' title='bbox 460 4295 531 4377; x_wconf 92' lang='grc'><strong>3313</strong></span> <span class='ocrx_word' id='word_1_308' title='bbox 547 4295 654 4359; x_wconf 89' lang='lat' dir='ltr'><strong>charta</strong></span> <span class='ocrx_word' id='word_1_309' title='bbox 665 4295 858 4378; x_wconf 83' lang='lat' dir='ltr'><strong>Aegyptiace</strong></span> <span class='ocrx_word' id='word_1_310' title='bbox 873 4294 929 4358; x_wconf 90' lang='lat' dir='ltr'><strong>sub</strong></span> <span class='ocrx_word' id='word_1_311' title='bbox 941 4294 1034 4358; x_wconf 88' lang='lat' dir='ltr'><strong>finem</strong></span> <span class='ocrx_word' id='word_1_312' title='bbox 1047 4295 1130 4376; x_wconf 86' lang='lat' dir='ltr'><strong>(pag.</strong></span> <span class='ocrx_word' id='word_1_313' title='bbox 1144 4291 1289 4355; x_wconf 88' lang='lat' dir='ltr'><strong>XXXVl.</strong></span> 
     </span>
    </p>
   </div>
   <div class='ocr_carea' id='block_1_3' title="bbox 0 0 1470 4928">
    <p class='ocr_par' dir='ltr' id='par_1_3' title="bbox 0 0 1470 4928">
     <span class='ocr_line' id='line_1_39' title="bbox 0 0 1470 4928; baseline 0 0"><span class='ocrx_word' id='word_1_314' title='bbox 0 0 1470 4928; x_wconf 95' lang='lat' dir='ltr'><strong> </strong></span> 
     </span>
    </p>
   </div>
  </div>
 </body>
</html>
