<?xml version="1.0" encoding="UTF-8"?>
<!DOCTYPE html PUBLIC "-//W3C//DTD XHTML 1.0 Transitional//EN"
    "http://www.w3.org/TR/xhtml1/DTD/xhtml1-transitional.dtd">
<html xmlns="http://www.w3.org/1999/xhtml" xml:lang="en" lang="en">
 <head>
  <title>
</title>
<meta http-equiv="Content-Type" content="text/html;charset=utf-8" />
  <meta name='ocr-system' content='tesseract 3.04.00' />
  <meta name='ocr-capabilities' content='ocr_page ocr_carea ocr_par ocr_line ocrx_word'/>
</head>
<body>
  <div class='ocr_page' id='page_1' title='image "./dearistotelispo00bursgoog_0139.png"; bbox 0 0 2924 4928; ppageno 0'>
   <div class='ocr_carea' id='block_1_1' title="bbox 159 319 1295 3080">
    <p class='ocr_par' dir='ltr' id='par_1_1' title="bbox 159 319 1295 1212">
     <span class='ocr_line' id='line_1_1' title="bbox 625 319 830 416; baseline 0.005 -1"><span class='ocrx_word' id='word_1_1' title='bbox 625 319 830 416; x_wconf 50' lang='lat' dir='ltr'>..m-</span> 
     </span>
     <span class='ocr_line' id='line_1_2' title="bbox 159 522 1294 612; baseline -0.006 -19"><span class='ocrx_word' id='word_1_2' title='bbox 159 528 287 612; x_wconf 82' lang='lat' dir='ltr'>jurliciis</span> <span class='ocrx_word' id='word_1_3' title='bbox 308 528 346 611; x_wconf 55' lang='grc' dir='ltr'>ἐξ</span> <span class='ocrx_word' id='word_1_4' title='bbox 371 525 551 603; x_wconf 79' lang='grc'>117-121,</span> <span class='ocrx_word' id='word_1_5' title='bbox 575 525 705 608; x_wconf 84' lang='lat' dir='ltr'>denique</span> <span class='ocrx_word' id='word_1_6' title='bbox 721 525 839 610; x_wconf 86' lang='lat' dir='ltr'>dejure</span> <span class='ocrx_word' id='word_1_7' title='bbox 854 524 998 606; x_wconf 73' lang='lat' dir='ltr'>jurando,</span> <span class='ocrx_word' id='word_1_8' title='bbox 1015 524 1098 606; x_wconf 90' lang='lat' dir='ltr'>quod</span> <span class='ocrx_word' id='word_1_9' title='bbox 1120 522 1294 609; x_wconf 79' lang='grc' dir='ltr'>ἀμφιορκία</span> 
     </span>
     <span class='ocr_line' id='line_1_3' title="bbox 165 625 1294 712; baseline -0.007 -16"><span class='ocrx_word' id='word_1_10' title='bbox 165 633 302 710; x_wconf 85' lang='lat' dir='ltr'>vocatur,</span> <span class='ocrx_word' id='word_1_11' title='bbox 333 630 481 706; x_wconf 82' lang='lat' dir='ltr'>sanarit,</span> <span class='ocrx_word' id='word_1_12' title='bbox 513 629 594 694; x_wconf 90' lang='lat' dir='ltr'>sicut</span> <span class='ocrx_word' id='word_1_13' title='bbox 626 629 684 694; x_wconf 85' lang='lat' dir='ltr'>lex.</span> <span class='ocrx_word' id='word_1_14' title='bbox 708 629 779 711; x_wconf 85' lang='lat' dir='ltr'>Sag.</span> <span class='ocrx_word' id='word_1_15' title='bbox 802 628 830 691; x_wconf 90' lang='lat' dir='ltr'>V</span> <span class='ocrx_word' id='word_1_16' title='bbox 853 629 987 710; x_wconf 88' lang='lat' dir='ltr'>primum</span> <span class='ocrx_word' id='word_1_17' title='bbox 1009 625 1181 712; x_wconf 63' lang='lat' dir='ltr'>prepostero</span> <span class='ocrx_word' id='word_1_18' title='bbox 1203 627 1294 690; x_wconf 78' lang='grc' dir='ltr'>δικα-</span> 
     </span>
     <span class='ocr_line' id='line_1_4' title="bbox 166 729 1294 820; baseline -0.004 -22"><span class='ocrx_word' id='word_1_19' title='bbox 166 733 312 820; x_wconf 80' lang='grc' dir='ltr'><strong>στηρίων,</strong></span> <span class='ocrx_word' id='word_1_20' title='bbox 337 735 405 798; x_wconf 89' lang='lat' dir='ltr'>tum</span> <span class='ocrx_word' id='word_1_21' title='bbox 423 731 624 816; x_wconf 78' lang='grc' dir='ltr'>δικαστήρια,</span> <span class='ocrx_word' id='word_1_22' title='bbox 651 731 761 796; x_wconf 87' lang='lat' dir='ltr'>deinde</span> <span class='ocrx_word' id='word_1_23' title='bbox 777 729 965 816; x_wconf 68' lang='lat' dir='ltr'>dqsprepaleur</span> <span class='ocrx_word' id='word_1_24' title='bbox 987 730 1161 812; x_wconf 72' lang='lat' dir='ltr'>explicavit.</span> <span class='ocrx_word' id='word_1_25' title='bbox 1205 729 1294 809; x_wconf 82' lang='lat' dir='ltr'>Quae</span> 
     </span>
     <span class='ocr_line' id='line_1_5' title="bbox 166 833 1295 916; baseline -0.005 -13"><span class='ocrx_word' id='word_1_26' title='bbox 166 856 237 903; x_wconf 90' lang='lat' dir='ltr'>cum</span> <span class='ocrx_word' id='word_1_27' title='bbox 259 838 305 902; x_wconf 85' lang='lat' dir='ltr'>ita</span> <span class='ocrx_word' id='word_1_28' title='bbox 326 837 399 915; x_wconf 85' lang='lat' dir='ltr'>sint,</span> <span class='ocrx_word' id='word_1_29' title='bbox 431 855 490 900; x_wconf 90' lang='lat' dir='ltr'>non</span> <span class='ocrx_word' id='word_1_30' title='bbox 523 835 641 911; x_wconf 84' lang='lat' dir='ltr'>dubito,</span> <span class='ocrx_word' id='word_1_31' title='bbox 675 835 748 916; x_wconf 90' lang='lat' dir='ltr'>quin</span> <span class='ocrx_word' id='word_1_32' title='bbox 780 834 838 898; x_wconf 88' lang='lat' dir='ltr'>hoc</span> <span class='ocrx_word' id='word_1_33' title='bbox 867 835 935 900; x_wconf 90' lang='lat' dir='ltr'>loco</span> <span class='ocrx_word' id='word_1_34' title='bbox 967 834 1054 900; x_wconf 91' lang='lat' dir='ltr'>nobis</span> <span class='ocrx_word' id='word_1_35' title='bbox 1084 836 1207 916; x_wconf 87' lang='lat' dir='ltr'>praesto</span> <span class='ocrx_word' id='word_1_36' title='bbox 1231 833 1295 898; x_wconf 90' lang='lat' dir='ltr'>sint</span> 
     </span>
     <span class='ocr_line' id='line_1_6' title="bbox 166 936 1294 1020; baseline -0.004 -15"><span class='ocrx_word' id='word_1_37' title='bbox 166 941 277 1005; x_wconf 89' lang='lat' dir='ltr'>rudera</span> <span class='ocrx_word' id='word_1_38' title='bbox 299 940 481 1017; x_wconf 82' lang='lat' dir='ltr'>miserrima,</span> <span class='ocrx_word' id='word_1_39' title='bbox 515 939 619 1003; x_wconf 85' lang='lat' dir='ltr'>nescio</span> <span class='ocrx_word' id='word_1_40' title='bbox 642 936 793 1020; x_wconf 88' lang='lat' dir='ltr'>quomodo</span> <span class='ocrx_word' id='word_1_41' title='bbox 826 938 974 1020; x_wconf 83' lang='lat' dir='ltr'>dispersa,</span> <span class='ocrx_word' id='word_1_42' title='bbox 1006 939 1109 1002; x_wconf 87' lang='lat' dir='ltr'>nescio</span> <span class='ocrx_word' id='word_1_43' title='bbox 1140 939 1294 1018; x_wconf 88' lang='lat' dir='ltr'>quatenus</span> 
     </span>
     <span class='ocr_line' id='line_1_7' title="bbox 164 1038 1295 1124; baseline -0.004 -17"><span class='ocrx_word' id='word_1_44' title='bbox 164 1045 288 1124; x_wconf 77' lang='lat' dir='ltr'>integra</span> <span class='ocrx_word' id='word_1_45' title='bbox 320 1046 352 1108; x_wconf 91' lang='lat' dir='ltr'>et</span> <span class='ocrx_word' id='word_1_46' title='bbox 374 1043 566 1124; x_wconf 83' lang='lat' dir='ltr'>incorrupta,</span> <span class='ocrx_word' id='word_1_47' title='bbox 596 1041 669 1105; x_wconf 90' lang='lat' dir='ltr'>talis</span> <span class='ocrx_word' id='word_1_48' title='bbox 700 1042 809 1122; x_wconf 83' lang='lat' dir='ltr'>operis,</span> <span class='ocrx_word' id='word_1_49' title='bbox 842 1039 933 1121; x_wconf 86' lang='lat' dir='ltr'>quale</span> <span class='ocrx_word' id='word_1_50' title='bbox 964 1039 1075 1105; x_wconf 83' lang='lat' dir='ltr'>Pollux</span> <span class='ocrx_word' id='word_1_51' title='bbox 1106 1041 1138 1103; x_wconf 90' lang='lat' dir='ltr'>et</span> <span class='ocrx_word' id='word_1_52' title='bbox 1168 1038 1295 1120; x_wconf 89' lang='lat' dir='ltr'>Harpo-</span> 
     </span>
     <span class='ocr_line' id='line_1_8' title="bbox 165 1142 1055 1212; baseline -0.002 -2"><span class='ocrx_word' id='word_1_53' title='bbox 165 1145 343 1212; x_wconf 71' lang='lat' dir='ltr'>orationali</span> <span class='ocrx_word' id='word_1_54' title='bbox 366 1145 461 1211; x_wconf 92' lang='lat' dir='ltr'>libres</span> <span class='ocrx_word' id='word_1_55' title='bbox 485 1163 556 1210; x_wconf 85' lang='lat' dir='ltr'>suos</span> <span class='ocrx_word' id='word_1_56' title='bbox 579 1144 814 1209; x_wconf 86' lang='lat' dir='ltr'>conscribendos</span> <span class='ocrx_word' id='word_1_57' title='bbox 838 1142 1055 1208; x_wconf 87' lang='lat' dir='ltr'>adhibuerunt.</span> 
     </span>
    </p>

    <p class='ocr_par' dir='ltr' id='par_1_2' title="bbox 166 1244 1295 3080">
     <span class='ocr_line' id='line_1_9' title="bbox 268 1244 1295 1330; baseline -0.004 -18"><span class='ocrx_word' id='word_1_58' title='bbox 268 1248 336 1314; x_wconf 87' lang='lat' dir='ltr'>Hoc</span> <span class='ocrx_word' id='word_1_59' title='bbox 358 1250 440 1313; x_wconf 90' lang='lat' dir='ltr'>enim</span> <span class='ocrx_word' id='word_1_60' title='bbox 463 1266 513 1311; x_wconf 86' lang='lat' dir='ltr'>me</span> <span class='ocrx_word' id='word_1_61' title='bbox 535 1247 677 1313; x_wconf 92' lang='lat' dir='ltr'>omnihus</span> <span class='ocrx_word' id='word_1_62' title='bbox 700 1246 890 1330; x_wconf 78' lang='lat' dir='ltr'>persuasisse</span> <span class='ocrx_word' id='word_1_63' title='bbox 922 1246 1011 1310; x_wconf 87' lang='lat' dir='ltr'>erede</span> <span class='ocrx_word' id='word_1_64' title='bbox 1043 1246 1159 1310; x_wconf 88' lang='lat' dir='ltr'>lentem</span> <span class='ocrx_word' id='word_1_65' title='bbox 1182 1244 1295 1309; x_wconf 92' lang='lat' dir='ltr'>herum</span> 
     </span>
     <span class='ocr_line' id='line_1_10' title="bbox 167 1346 1294 1434; baseline -0.005 -18"><span class='ocrx_word' id='word_1_66' title='bbox 167 1353 297 1418; x_wconf 88' lang='lat' dir='ltr'>duorum</span> <span class='ocrx_word' id='word_1_67' title='bbox 319 1350 607 1434; x_wconf 82' lang='lat' dir='ltr'>lexicographorum</span> <span class='ocrx_word' id='word_1_68' title='bbox 631 1351 738 1416; x_wconf 89' lang='lat' dir='ltr'>eodem</span> <span class='ocrx_word' id='word_1_69' title='bbox 753 1349 844 1415; x_wconf 89' lang='lat' dir='ltr'>medo</span> <span class='ocrx_word' id='word_1_70' title='bbox 860 1350 1063 1431; x_wconf 90' lang='lat' dir='ltr'>compositum</span> <span class='ocrx_word' id='word_1_71' title='bbox 1080 1367 1184 1412; x_wconf 83' lang='lat' dir='ltr'>rerum</span> <span class='ocrx_word' id='word_1_72' title='bbox 1208 1346 1294 1411; x_wconf 89' lang='lat' dir='ltr'>ordi·</span> 
     </span>
     <span class='ocr_line' id='line_1_11' title="bbox 166 1452 1292 1538; baseline -0.004 -18"><span class='ocrx_word' id='word_1_73' title='bbox 166 1475 236 1522; x_wconf 90' lang='lat' dir='ltr'>nem</span> <span class='ocrx_word' id='word_1_74' title='bbox 258 1474 406 1534; x_wconf 77' lang='lat' dir='ltr'>servasse,</span> <span class='ocrx_word' id='word_1_75' title='bbox 429 1475 484 1520; x_wconf 91' lang='lat' dir='ltr'>nec</span> <span class='ocrx_word' id='word_1_76' title='bbox 506 1456 670 1538; x_wconf 86' lang='lat' dir='ltr'>quisquam</span> <span class='ocrx_word' id='word_1_77' title='bbox 692 1455 763 1519; x_wconf 90' lang='lat' dir='ltr'>inde</span> <span class='ocrx_word' id='word_1_78' title='bbox 786 1474 844 1519; x_wconf 92' lang='lat' dir='ltr'>non</span> <span class='ocrx_word' id='word_1_79' title='bbox 865 1453 979 1518; x_wconf 87' lang='lat' dir='ltr'>efficiet</span> <span class='ocrx_word' id='word_1_80' title='bbox 1000 1453 1066 1518; x_wconf 86' lang='lat' dir='ltr'>reri</span> <span class='ocrx_word' id='word_1_81' title='bbox 1090 1452 1292 1532; x_wconf 90' lang='lat' dir='ltr'>simillimum</span> 
     </span>
     <span class='ocr_line' id='line_1_12' title="bbox 167 1555 1294 1640; baseline -0.005 -16"><span class='ocrx_word' id='word_1_82' title='bbox 167 1579 234 1625; x_wconf 87' lang='lat' dir='ltr'>esse</span> <span class='ocrx_word' id='word_1_83' title='bbox 256 1561 338 1625; x_wconf 88' lang='lat' dir='ltr'>hunc</span> <span class='ocrx_word' id='word_1_84' title='bbox 360 1559 475 1625; x_wconf 88' lang='lat' dir='ltr'>fontem</span> <span class='ocrx_word' id='word_1_85' title='bbox 491 1559 746 1640; x_wconf 88' lang='lat' dir='ltr'>Harpocrationis</span> <span class='ocrx_word' id='word_1_86' title='bbox 761 1560 793 1622; x_wconf 89' lang='lat' dir='ltr'>et</span> <span class='ocrx_word' id='word_1_87' title='bbox 807 1558 946 1623; x_wconf 78' lang='lat' dir='ltr'>Pollucis</span> <span class='ocrx_word' id='word_1_88' title='bbox 963 1555 1093 1621; x_wconf 82' lang='lat' dir='ltr'>eundern</span> <span class='ocrx_word' id='word_1_89' title='bbox 1109 1555 1294 1638; x_wconf 79' lang='lat' dir='ltr'>scriptorem</span> 
     </span>
     <span class='ocr_line' id='line_1_13' title="bbox 168 1658 1294 1744; baseline -0.004 -18"><span class='ocrx_word' id='word_1_90' title='bbox 168 1663 272 1728; x_wconf 85' lang='lat' dir='ltr'>luisse.</span> <span class='ocrx_word' id='word_1_91' title='bbox 317 1663 386 1727; x_wconf 85' lang='lat' dir='ltr'>Duo</span> <span class='ocrx_word' id='word_1_92' title='bbox 409 1664 492 1727; x_wconf 91' lang='lat' dir='ltr'>enim</span> <span class='ocrx_word' id='word_1_93' title='bbox 514 1661 592 1726; x_wconf 90' lang='lat' dir='ltr'>talia</span> <span class='ocrx_word' id='word_1_94' title='bbox 623 1680 716 1744; x_wconf 88' lang='lat' dir='ltr'>opera</span> <span class='ocrx_word' id='word_1_95' title='bbox 747 1661 884 1726; x_wconf 92' lang='lat' dir='ltr'>eiusdem</span> <span class='ocrx_word' id='word_1_96' title='bbox 916 1659 1091 1743; x_wconf 86' lang='lat' dir='ltr'>argumenti</span> <span class='ocrx_word' id='word_1_97' title='bbox 1122 1660 1155 1724; x_wconf 89' lang='lat' dir='ltr'>et</span> <span class='ocrx_word' id='word_1_98' title='bbox 1184 1658 1294 1724; x_wconf 86' lang='lat' dir='ltr'>eodem</span> 
     </span>
     <span class='ocr_line' id='line_1_14' title="bbox 168 1754 1293 1846; baseline -0.005 -16"><span class='ocrx_word' id='word_1_99' title='bbox 168 1767 259 1831; x_wconf 89' lang='lat' dir='ltr'>modo</span> <span class='ocrx_word' id='word_1_100' title='bbox 275 1754 447 1846; x_wconf 84' lang='lat' dir='ltr'>composita</span> <span class='ocrx_word' id='word_1_101' title='bbox 463 1767 494 1829; x_wconf 90' lang='lat' dir='ltr'>et</span> <span class='ocrx_word' id='word_1_102' title='bbox 509 1765 616 1830; x_wconf 90' lang='lat' dir='ltr'>eodem</span> <span class='ocrx_word' id='word_1_103' title='bbox 631 1766 780 1846; x_wconf 81' lang='lat' dir='ltr'>tempore,</span> <span class='ocrx_word' id='word_1_104' title='bbox 805 1783 875 1828; x_wconf 89' lang='lat' dir='ltr'>nam</span> <span class='ocrx_word' id='word_1_105' title='bbox 892 1763 1004 1828; x_wconf 83' lang='lat' dir='ltr'>Pollux</span> <span class='ocrx_word' id='word_1_106' title='bbox 1020 1763 1052 1827; x_wconf 93' lang='lat' dir='ltr'>et</span> <span class='ocrx_word' id='word_1_107' title='bbox 1066 1762 1293 1843; x_wconf 78' lang='lat' dir='ltr'>Harpocration</span> 
     </span>
     <span class='ocr_line' id='line_1_15' title="bbox 167 1863 1293 1950; baseline -0.005 -18"><span class='ocrx_word' id='word_1_108' title='bbox 167 1869 229 1932; x_wconf 83' lang='lat' dir='ltr'>sere</span> <span class='ocrx_word' id='word_1_109' title='bbox 252 1868 397 1950; x_wconf 85' lang='lat' dir='ltr'>aequales</span> <span class='ocrx_word' id='word_1_110' title='bbox 420 1868 555 1945; x_wconf 83' lang='lat' dir='ltr'>suerunt,</span> <span class='ocrx_word' id='word_1_111' title='bbox 587 1867 618 1930; x_wconf 94' lang='lat' dir='ltr'>in</span> <span class='ocrx_word' id='word_1_112' title='bbox 642 1885 700 1931; x_wconf 89' lang='lat' dir='ltr'>usu</span> <span class='ocrx_word' id='word_1_113' title='bbox 731 1866 827 1931; x_wconf 88' lang='lat' dir='ltr'>fuisse</span> <span class='ocrx_word' id='word_1_114' title='bbox 859 1866 908 1931; x_wconf 85' lang='lat' dir='ltr'>rix</span> <span class='ocrx_word' id='word_1_115' title='bbox 939 1865 1102 1948; x_wconf 89' lang='lat' dir='ltr'>quisquam</span> <span class='ocrx_word' id='word_1_116' title='bbox 1133 1863 1293 1946; x_wconf 84' lang='lat' dir='ltr'>probabile</span> 
     </span>
     <span class='ocr_line' id='line_1_16' title="bbox 168 1967 1293 2051; baseline -0.002 -17"><span class='ocrx_word' id='word_1_117' title='bbox 168 1989 234 2035; x_wconf 86' lang='lat' dir='ltr'>esse</span> <span class='ocrx_word' id='word_1_118' title='bbox 256 1970 371 2036; x_wconf 88' lang='lat' dir='ltr'>credat.</span> <span class='ocrx_word' id='word_1_119' title='bbox 416 1970 515 2050; x_wconf 82' lang='lat' dir='ltr'>Quam</span> <span class='ocrx_word' id='word_1_120' title='bbox 539 1971 577 2034; x_wconf 91' lang='lat' dir='ltr'>eh</span> <span class='ocrx_word' id='word_1_121' title='bbox 600 1990 664 2035; x_wconf 90' lang='lat' dir='ltr'>rem</span> <span class='ocrx_word' id='word_1_122' title='bbox 688 1989 770 2034; x_wconf 92' lang='lat' dir='ltr'>nunc</span> <span class='ocrx_word' id='word_1_123' title='bbox 801 1970 1028 2051; x_wconf 80' lang='lat' dir='ltr'>perscrutemur</span> <span class='ocrx_word' id='word_1_124' title='bbox 1057 1970 1174 2033; x_wconf 87' lang='lat' dir='ltr'>ceteros</span> <span class='ocrx_word' id='word_1_125' title='bbox 1196 1967 1293 2032; x_wconf 92' lang='lat' dir='ltr'>libros</span> 
     </span>
     <span class='ocr_line' id='line_1_17' title="bbox 168 2071 1293 2155; baseline -0.002 -18"><span class='ocrx_word' id='word_1_126' title='bbox 168 2073 293 2154; x_wconf 86' lang='lat' dir='ltr'>excepto</span> <span class='ocrx_word' id='word_1_127' title='bbox 318 2073 454 2151; x_wconf 83' lang='lat' dir='ltr'>Polluce,</span> <span class='ocrx_word' id='word_1_128' title='bbox 479 2074 532 2154; x_wconf 91' lang='lat' dir='ltr'>qui</span> <span class='ocrx_word' id='word_1_129' title='bbox 555 2072 679 2138; x_wconf 84' lang='lat' dir='ltr'>easdem</span> <span class='ocrx_word' id='word_1_130' title='bbox 703 2092 761 2151; x_wconf 82' lang='lat' dir='ltr'>res,</span> <span class='ocrx_word' id='word_1_131' title='bbox 785 2091 862 2155; x_wconf 90' lang='lat' dir='ltr'>quas</span> <span class='ocrx_word' id='word_1_132' title='bbox 884 2073 935 2136; x_wconf 90' lang='lat' dir='ltr'>hic</span> <span class='ocrx_word' id='word_1_133' title='bbox 956 2072 1036 2136; x_wconf 93' lang='lat' dir='ltr'>libro</span> <span class='ocrx_word' id='word_1_134' title='bbox 1060 2071 1145 2149; x_wconf 81' lang='lat' dir='ltr'>Vlll,</span> <span class='ocrx_word' id='word_1_135' title='bbox 1178 2071 1293 2154; x_wconf 86' lang='lat' dir='ltr'>attiga-</span> 
     </span>
     <span class='ocr_line' id='line_1_18' title="bbox 168 2174 1292 2256; baseline -0.002 -18"><span class='ocrx_word' id='word_1_136' title='bbox 168 2177 249 2253; x_wconf 85' lang='lat' dir='ltr'>runt‚</span> <span class='ocrx_word' id='word_1_137' title='bbox 272 2176 304 2239; x_wconf 86' lang='lat' dir='ltr'>et</span> <span class='ocrx_word' id='word_1_138' title='bbox 316 2175 445 2240; x_wconf 86' lang='lat' dir='ltr'>eundern</span> <span class='ocrx_word' id='word_1_139' title='bbox 462 2175 646 2240; x_wconf 85' lang='lat' dir='ltr'>onomastici</span> <span class='ocrx_word' id='word_1_140' title='bbox 663 2175 800 2239; x_wconf 84' lang='lat' dir='ltr'>ordinem</span> <span class='ocrx_word' id='word_1_141' title='bbox 818 2175 908 2240; x_wconf 87' lang='lat' dir='ltr'>alteri</span> <span class='ocrx_word' id='word_1_142' title='bbox 923 2175 1023 2240; x_wconf 91' lang='lat' dir='ltr'>ordini</span> <span class='ocrx_word' id='word_1_143' title='bbox 1038 2174 1292 2256; x_wconf 89' lang='lat' dir='ltr'>praeposuerunt.</span> 
     </span>
     <span class='ocr_line' id='line_1_19' title="bbox 169 2275 1294 2362; baseline -0.004 -20"><span class='ocrx_word' id='word_1_144' title='bbox 169 2278 248 2342; x_wconf 88' lang='lat' dir='ltr'>Sunt</span> <span class='ocrx_word' id='word_1_145' title='bbox 263 2279 345 2342; x_wconf 90' lang='lat' dir='ltr'>enim</span> <span class='ocrx_word' id='word_1_146' title='bbox 361 2279 454 2343; x_wconf 86' lang='lat' dir='ltr'>haec:</span> <span class='ocrx_word' id='word_1_147' title='bbox 478 2278 641 2343; x_wconf 86' lang='lat' dir='ltr'>Michaelis</span> <span class='ocrx_word' id='word_1_148' title='bbox 657 2278 756 2343; x_wconf 92' lang='lat' dir='ltr'>Pselli</span> <span class='ocrx_word' id='word_1_149' title='bbox 772 2278 955 2359; x_wconf 90' lang='lat' dir='ltr'>opusculum</span> <span class='ocrx_word' id='word_1_150' title='bbox 971 2279 1041 2362; x_wconf 79' lang='grc' dir='ltr'>περὶ</span> <span class='ocrx_word' id='word_1_151' title='bbox 1056 2285 1118 2340; x_wconf 84' lang='grc' dir='ltr'>τῶν</span> <span class='ocrx_word' id='word_1_152' title='bbox 1133 2275 1294 2360; x_wconf 81' lang='grc' dir='ltr'>ὀνομάτων</span> 
     </span>
     <span class='ocr_line' id='line_1_20' title="bbox 168 2379 1292 2465; baseline -0.002 -21"><span class='ocrx_word' id='word_1_153' title='bbox 168 2389 229 2446; x_wconf 87' lang='grc' dir='ltr'>τῶν</span> <span class='ocrx_word' id='word_1_154' title='bbox 251 2381 385 2461; x_wconf 53' lang='grc' dir='ltr'>δικῶνῑ)</span> <span class='ocrx_word' id='word_1_155' title='bbox 409 2382 441 2446; x_wconf 90' lang='lat' dir='ltr'>et</span> <span class='ocrx_word' id='word_1_156' title='bbox 462 2401 508 2458; x_wconf 81' lang='lat' dir='ltr'>ea,</span> <span class='ocrx_word' id='word_1_157' title='bbox 531 2400 609 2464; x_wconf 88' lang='lat' dir='ltr'>quae</span> <span class='ocrx_word' id='word_1_158' title='bbox 633 2380 800 2465; x_wconf 78' lang='lat' dir='ltr'>Gregorius</span> <span class='ocrx_word' id='word_1_159' title='bbox 824 2382 1001 2447; x_wconf 82' lang='lat' dir='ltr'>Corinthius</span> <span class='ocrx_word' id='word_1_160' title='bbox 1025 2381 1149 2445; x_wconf 87' lang='lat' dir='ltr'>scholiis</span> <span class='ocrx_word' id='word_1_161' title='bbox 1173 2379 1238 2444; x_wconf 92' lang='lat' dir='ltr'>suis</span> <span class='ocrx_word' id='word_1_162' title='bbox 1260 2381 1292 2442; x_wconf 94' lang='lat' dir='ltr'>in</span> 
     </span>
     <span class='ocr_line' id='line_1_21' title="bbox 168 2483 1293 2570; baseline -0.002 -22"><span class='ocrx_word' id='word_1_163' title='bbox 168 2485 373 2568; x_wconf 86' lang='lat' dir='ltr'>Hermogenis</span> <span class='ocrx_word' id='word_1_164' title='bbox 396 2484 511 2550; x_wconf 90' lang='lat' dir='ltr'>librum</span> <span class='ocrx_word' id='word_1_165' title='bbox 533 2486 604 2568; x_wconf 84' lang='grc' dir='ltr'>περὶ</span> <span class='ocrx_word' id='word_1_166' title='bbox 623 2484 760 2569; x_wconf 72' lang='grc' dir='ltr'>μεθόδου</span> <span class='ocrx_word' id='word_1_167' title='bbox 777 2484 953 2570; x_wconf 81' lang='grc' dir='ltr'>δεινότητος</span> <span class='ocrx_word' id='word_1_168' title='bbox 963 2483 987 2568; x_wconf 82' lang='lat'>²)</span> <span class='ocrx_word' id='word_1_169' title='bbox 1011 2483 1151 2549; x_wconf 87' lang='lat' dir='ltr'>inseruit.</span> <span class='ocrx_word' id='word_1_170' title='bbox 1194 2483 1293 2558; x_wconf 90' lang='lat' dir='ltr'>Haec,</span> 
     </span>
     <span class='ocr_line' id='line_1_22' title="bbox 168 2587 1294 2670; baseline -0.002 -18"><span class='ocrx_word' id='word_1_171' title='bbox 168 2606 246 2670; x_wconf 88' lang='lat' dir='ltr'>quae</span> <span class='ocrx_word' id='word_1_172' title='bbox 270 2589 402 2653; x_wconf 83' lang='lat' dir='ltr'>secundo</span> <span class='ocrx_word' id='word_1_173' title='bbox 425 2588 492 2653; x_wconf 90' lang='lat' dir='ltr'>loco</span> <span class='ocrx_word' id='word_1_174' title='bbox 515 2588 682 2665; x_wconf 79' lang='lat' dir='ltr'>nominari,</span> <span class='ocrx_word' id='word_1_175' title='bbox 716 2588 857 2670; x_wconf 88' lang='lat' dir='ltr'>equidem</span> <span class='ocrx_word' id='word_1_176' title='bbox 889 2606 1014 2670; x_wconf 89' lang='lat' dir='ltr'>prorsus</span> <span class='ocrx_word' id='word_1_177' title='bbox 1046 2587 1169 2652; x_wconf 88' lang='lat' dir='ltr'>silentio</span> <span class='ocrx_word' id='word_1_178' title='bbox 1203 2605 1294 2668; x_wconf 88' lang='lat' dir='ltr'>prae·</span> 
     </span>
     <span class='ocr_line' id='line_1_23' title="bbox 168 2690 1294 2774; baseline -0.002 -19"><span class='ocrx_word' id='word_1_179' title='bbox 168 2692 339 2769; x_wconf 79' lang='lat' dir='ltr'>teriissem,</span> <span class='ocrx_word' id='word_1_180' title='bbox 380 2692 440 2756; x_wconf 91' lang='lat' dir='ltr'>nisi</span> <span class='ocrx_word' id='word_1_181' title='bbox 471 2690 613 2756; x_wconf 87' lang='lat' dir='ltr'>Wentzel</span> <span class='ocrx_word' id='word_1_182' title='bbox 629 2691 654 2774; x_wconf 85' lang='lat'>³]</span> <span class='ocrx_word' id='word_1_183' title='bbox 695 2691 870 2774; x_wconf 90' lang='lat' dir='ltr'>nuperrime</span> <span class='ocrx_word' id='word_1_184' title='bbox 912 2692 1024 2755; x_wconf 91' lang='lat' dir='ltr'>iterum</span> <span class='ocrx_word' id='word_1_185' title='bbox 1065 2709 1102 2754; x_wconf 84' lang='lat' dir='ltr'>ex</span> <span class='ocrx_word' id='word_1_186' title='bbox 1131 2690 1294 2771; x_wconf 88' lang='lat' dir='ltr'>inopinato</span> 
     </span>
     <span class='ocr_line' id='line_1_24' title="bbox 168 2790 1294 2875; baseline -0.002 -18"><span class='ocrx_word' id='word_1_187' title='bbox 168 2794 286 2859; x_wconf 88' lang='lat' dir='ltr'>scholia</span> <span class='ocrx_word' id='word_1_188' title='bbox 316 2794 371 2858; x_wconf 93' lang='lat' dir='ltr'>illa</span> <span class='ocrx_word' id='word_1_189' title='bbox 402 2794 554 2858; x_wconf 87' lang='lat' dir='ltr'>vilissima</span> <span class='ocrx_word' id='word_1_190' title='bbox 585 2795 616 2857; x_wconf 93' lang='lat' dir='ltr'>in</span> <span class='ocrx_word' id='word_1_191' title='bbox 650 2794 844 2875; x_wconf 83' lang='lat' dir='ltr'>quaestiones</span> <span class='ocrx_word' id='word_1_192' title='bbox 885 2813 956 2857; x_wconf 91' lang='lat' dir='ltr'>suas</span> <span class='ocrx_word' id='word_1_193' title='bbox 999 2793 1035 2857; x_wconf 91' lang='lat' dir='ltr'>de</span> <span class='ocrx_word' id='word_1_194' title='bbox 1067 2790 1294 2875; x_wconf 77' lang='lat' dir='ltr'>lexicographis</span> 
     </span>
     <span class='ocr_line' id='line_1_25' title="bbox 169 2896 1295 2980; baseline -0.001 -20"><span class='ocrx_word' id='word_1_195' title='bbox 169 2896 324 2960; x_wconf 88' lang='lat' dir='ltr'>veteribus</span> <span class='ocrx_word' id='word_1_196' title='bbox 341 2899 499 2978; x_wconf 89' lang='lat' dir='ltr'>susceptas</span> <span class='ocrx_word' id='word_1_197' title='bbox 514 2898 668 2962; x_wconf 83' lang='lat' dir='ltr'>traxisset.</span> <span class='ocrx_word' id='word_1_198' title='bbox 712 2899 820 2980; x_wconf 84' lang='lat' dir='ltr'>ltaque</span> <span class='ocrx_word' id='word_1_199' title='bbox 842 2898 958 2962; x_wconf 86' lang='lat' dir='ltr'>invitus</span> <span class='ocrx_word' id='word_1_200' title='bbox 978 2915 1080 2980; x_wconf 76' lang='lat' dir='ltr'>cogor,</span> <span class='ocrx_word' id='word_1_201' title='bbox 1105 2898 1140 2960; x_wconf 86' lang='lat' dir='ltr'>ut</span> <span class='ocrx_word' id='word_1_202' title='bbox 1163 2896 1295 2977; x_wconf 89' lang='lat' dir='ltr'>paullis-</span> 
     </span>
     <span class='ocr_line' id='line_1_26' title="bbox 169 2998 642 3080; baseline 0.002 -19"><span class='ocrx_word' id='word_1_203' title='bbox 169 3017 223 3080; x_wconf 91' lang='lat' dir='ltr'>per</span> <span class='ocrx_word' id='word_1_204' title='bbox 243 2998 275 3062; x_wconf 92' lang='lat' dir='ltr'>in</span> <span class='ocrx_word' id='word_1_205' title='bbox 298 2999 349 3063; x_wconf 86' lang='lat' dir='ltr'>via</span> <span class='ocrx_word' id='word_1_206' title='bbox 371 3018 441 3063; x_wconf 89' lang='lat' dir='ltr'>mea</span> <span class='ocrx_word' id='word_1_207' title='bbox 463 3000 642 3065; x_wconf 85' lang='lat' dir='ltr'>consistam.</span> 
     </span>
    </p>
   </div>
   <div class='ocr_carea' id='block_1_2' title="bbox 170 3216 1293 3516">
    <p class='ocr_par' dir='ltr' id='par_1_3' title="bbox 170 3216 1293 3516">
     <span class='ocr_line' id='line_1_27' title="bbox 247 3216 1216 3308; baseline -0.001 -22"><span class='ocrx_word' id='word_1_208' title='bbox 247 3216 271 3304; x_wconf 64' lang='grc' dir='ltr'><strong>ἕ</strong></span> <span class='ocrx_word' id='word_1_209' title='bbox 295 3217 330 3285; x_wconf 88' lang='grc'>4.</span> <span class='ocrx_word' id='word_1_210' title='bbox 378 3218 566 3308; x_wconf 85' lang='lat' dir='ltr'>Gregorii</span> <span class='ocrx_word' id='word_1_211' title='bbox 591 3219 788 3288; x_wconf 89' lang='lat' dir='ltr'>Corinthii</span> <span class='ocrx_word' id='word_1_212' title='bbox 812 3220 944 3289; x_wconf 87' lang='lat' dir='ltr'>schol.</span> <span class='ocrx_word' id='word_1_213' title='bbox 968 3221 1216 3308; x_wconf 84' lang='lat' dir='ltr'>Hermogen.</span> 
     </span>
     <span class='ocr_line' id='line_1_28' title="bbox 170 3319 1293 3408; baseline 0.001 -21"><span class='ocrx_word' id='word_1_214' title='bbox 170 3340 208 3408; x_wconf 87' lang='lat' dir='ltr'>p.</span> <span class='ocrx_word' id='word_1_215' title='bbox 240 3319 438 3391; x_wconf 81' lang='lat' dir='ltr'>rna-1121</span> <span class='ocrx_word' id='word_1_216' title='bbox 469 3322 535 3390; x_wconf 87' lang='lat' dir='ltr'>W.</span> <span class='ocrx_word' id='word_1_217' title='bbox 569 3323 621 3392; x_wconf 88' lang='lat' dir='ltr'>ad</span> <span class='ocrx_word' id='word_1_218' title='bbox 652 3322 825 3392; x_wconf 89' lang='lat' dir='ltr'>verbum</span> <span class='ocrx_word' id='word_1_219' title='bbox 860 3344 883 3393; x_wconf 90' lang='lat' dir='ltr'>e</span> <span class='ocrx_word' id='word_1_220' title='bbox 914 3323 1118 3392; x_wconf 85' lang='lat' dir='ltr'>Michaele</span> <span class='ocrx_word' id='word_1_221' title='bbox 1149 3321 1293 3390; x_wconf 86' lang='lat' dir='ltr'>Psello</span> 
     </span>
     <span class='ocr_line' id='line_1_29' title="bbox 559 3427 902 3516; baseline -0.006 -21"><span class='ocrx_word' id='word_1_222' title='bbox 559 3427 771 3516; x_wconf 87' lang='lat' dir='ltr'>exscripta</span> <span class='ocrx_word' id='word_1_223' title='bbox 795 3427 902 3494; x_wconf 89' lang='lat' dir='ltr'>sunt.</span> 
     </span>
    </p>
   </div>
   <div class='ocr_carea' id='block_1_3' title="bbox 170 3559 1294 3749">
    <p class='ocr_par' dir='ltr' id='par_1_4' title="bbox 170 3559 1294 3749">
     <span class='ocr_line' id='line_1_30' title="bbox 272 3559 1293 3644; baseline -0.002 -19"><span class='ocrx_word' id='word_1_224' title='bbox 272 3559 415 3626; x_wconf 89' lang='lat' dir='ltr'>Studium</span> <span class='ocrx_word' id='word_1_225' title='bbox 438 3561 481 3625; x_wconf 90' lang='lat' dir='ltr'>M.</span> <span class='ocrx_word' id='word_1_226' title='bbox 501 3561 703 3643; x_wconf 58' lang='lat' dir='ltr'>sermidam)</span> <span class='ocrx_word' id='word_1_227' title='bbox 726 3581 943 3644; x_wconf 89' lang='lat' dir='ltr'>usquequaque</span> <span class='ocrx_word' id='word_1_228' title='bbox 966 3562 1139 3643; x_wconf 84' lang='lat' dir='ltr'>fragmenta</span> <span class='ocrx_word' id='word_1_229' title='bbox 1160 3561 1293 3624; x_wconf 87' lang='lat' dir='ltr'>rhetoris</span> 
     </span>
     <span class='ocr_line' id='line_1_31' title="bbox 170 3661 1294 3749; baseline 0.004 -24"><span class='ocrx_word' id='word_1_230' title='bbox 170 3661 295 3727; x_wconf 82' lang='lat' dir='ltr'>Caecilii</span> <span class='ocrx_word' id='word_1_231' title='bbox 318 3665 570 3746; x_wconf 69' lang='lat' dir='ltr'>investigandis</span> <span class='ocrx_word' id='word_1_232' title='bbox 591 3666 781 3749; x_wconf 77' lang='lat' dir='ltr'>Beyseni0⁵j</span> <span class='ocrx_word' id='word_1_233' title='bbox 805 3686 864 3730; x_wconf 92' lang='lat' dir='ltr'>non</span> <span class='ocrx_word' id='word_1_234' title='bbox 888 3667 988 3731; x_wconf 91' lang='lat' dir='ltr'>selum</span> <span class='ocrx_word' id='word_1_235' title='bbox 1010 3665 1217 3730; x_wconf 84' lang='lat' dir='ltr'>instauratum</span> <span class='ocrx_word' id='word_1_236' title='bbox 1240 3663 1294 3729; x_wconf 83' lang='lat' dir='ltr'>sed</span> 
     </span>
    </p>
   </div>
   <div class='ocr_carea' id='block_1_4' title="bbox 272 3891 1067 4301">
    <p class='ocr_par' dir='ltr' id='par_1_5' title="bbox 272 3891 1067 4130">
     <span class='ocr_line' id='line_1_32' title="bbox 273 3891 1067 3959; baseline -0.001 -15"><span class='ocrx_word' id='word_1_237' title='bbox 273 3894 296 3959; x_wconf 83' lang='grc'>1)</span> <span class='ocrx_word' id='word_1_238' title='bbox 316 3893 357 3946; x_wconf 89' lang='lat' dir='ltr'>ed.</span> <span class='ocrx_word' id='word_1_239' title='bbox 377 3891 478 3958; x_wconf 87' lang='lat' dir='ltr'>Migne‚</span> <span class='ocrx_word' id='word_1_240' title='bbox 496 3892 634 3958; x_wconf 87' lang='lat' dir='ltr'>patrolog.</span> <span class='ocrx_word' id='word_1_241' title='bbox 653 3905 694 3957; x_wconf 84' lang='lat' dir='ltr'>gr.</span> <span class='ocrx_word' id='word_1_242' title='bbox 714 3891 743 3944; x_wconf 74' lang='lat' dir='ltr'>ll.</span> <span class='ocrx_word' id='word_1_243' title='bbox 766 3893 823 3945; x_wconf 79' lang='lat'>122.</span> <span class='ocrx_word' id='word_1_244' title='bbox 842 3907 867 3959; x_wconf 86' lang='lat' dir='ltr'>p.</span> <span class='ocrx_word' id='word_1_245' title='bbox 888 3891 1067 3945; x_wconf 76' lang='lat' dir='ltr'>reor-1022.</span> 
     </span>
     <span class='ocr_line' id='line_1_33' title="bbox 272 3977 1023 4044; baseline 0.001 -14"><span class='ocrx_word' id='word_1_246' title='bbox 272 3979 300 4043; x_wconf 81' lang='lat'>2)</span> <span class='ocrx_word' id='word_1_247' title='bbox 319 3979 360 4032; x_wconf 89' lang='lat' dir='ltr'>ed.</span> <span class='ocrx_word' id='word_1_248' title='bbox 380 3977 469 4041; x_wconf 84' lang='lat' dir='ltr'>Waln,</span> <span class='ocrx_word' id='word_1_249' title='bbox 487 3978 591 4032; x_wconf 89' lang='lat' dir='ltr'>rhetor.</span> <span class='ocrx_word' id='word_1_250' title='bbox 611 3991 652 4044; x_wconf 81' lang='lat' dir='ltr'>gr.</span> <span class='ocrx_word' id='word_1_251' title='bbox 671 3977 720 4030; x_wconf 89' lang='lat' dir='ltr'>Vll</span> <span class='ocrx_word' id='word_1_252' title='bbox 738 3991 763 4044; x_wconf 87' lang='lat' dir='ltr'>p.</span> <span class='ocrx_word' id='word_1_253' title='bbox 784 3977 962 4039; x_wconf 82' lang='grc'>1119-1121,</span> <span class='ocrx_word' id='word_1_254' title='bbox 982 3977 1023 4031; x_wconf 75' lang='lat'>20.</span> 
     </span>
     <span class='ocr_line' id='line_1_34' title="bbox 272 4061 810 4130; baseline 0 -16"><span class='ocrx_word' id='word_1_255' title='bbox 272 4064 298 4127; x_wconf 88' lang='lat'>3)</span> <span class='ocrx_word' id='word_1_256' title='bbox 315 4062 389 4115; x_wconf 89' lang='lat' dir='ltr'>Berl.</span> <span class='ocrx_word' id='word_1_257' title='bbox 409 4062 600 4129; x_wconf 79' lang='lat' dir='ltr'>Sitzuugsber.</span> <span class='ocrx_word' id='word_1_258' title='bbox 622 4063 688 4117; x_wconf 84' lang='lat'>1895</span> <span class='ocrx_word' id='word_1_259' title='bbox 706 4078 732 4130; x_wconf 91' lang='lat' dir='ltr'>p.</span> <span class='ocrx_word' id='word_1_260' title='bbox 752 4061 810 4114; x_wconf 83' lang='grc'>484.</span> 
     </span>
    </p>

    <p class='ocr_par' dir='ltr' id='par_1_6' title="bbox 272 4146 798 4216">
     <span class='ocr_line' id='line_1_35' title="bbox 272 4146 798 4216; baseline 0.006 -19"><span class='ocrx_word' id='word_1_261' title='bbox 272 4146 301 4216; x_wconf 87' lang='lat'>4)</span> <span class='ocrx_word' id='word_1_262' title='bbox 319 4147 401 4202; x_wconf 75' lang='lat' dir='ltr'>thh.</span> <span class='ocrx_word' id='word_1_263' title='bbox 420 4148 437 4201; x_wconf 85' lang='lat' dir='ltr'>f.</span> <span class='ocrx_word' id='word_1_264' title='bbox 457 4148 528 4202; x_wconf 88' lang='lat' dir='ltr'>Phil.</span> <span class='ocrx_word' id='word_1_265' title='bbox 548 4150 588 4201; x_wconf 83' lang='grc'>71.</span> <span class='ocrx_word' id='word_1_266' title='bbox 611 4149 678 4202; x_wconf 89' lang='grc'>1855</span> <span class='ocrx_word' id='word_1_267' title='bbox 695 4163 721 4216; x_wconf 90' lang='lat' dir='ltr'>p.</span> <span class='ocrx_word' id='word_1_268' title='bbox 740 4148 798 4202; x_wconf 73' lang='lat'>782.</span> 
     </span>
    </p>

    <p class='ocr_par' dir='ltr' id='par_1_7' title="bbox 272 4233 526 4301">
     <span class='ocr_line' id='line_1_36' title="bbox 272 4233 526 4301; baseline 0 -15"><span class='ocrx_word' id='word_1_269' title='bbox 272 4236 299 4298; x_wconf 85' lang='grc'>5)</span> <span class='ocrx_word' id='word_1_270' title='bbox 317 4233 334 4286; x_wconf 92' lang='grc'>1.</span> <span class='ocrx_word' id='word_1_271' title='bbox 354 4234 371 4286; x_wconf 93' lang='grc'>1.</span> <span class='ocrx_word' id='word_1_272' title='bbox 389 4248 415 4301; x_wconf 91' lang='lat' dir='ltr'>p.</span> <span class='ocrx_word' id='word_1_273' title='bbox 436 4234 468 4288; x_wconf 89' lang='lat'>18</span> <span class='ocrx_word' id='word_1_274' title='bbox 487 4248 526 4301; x_wconf 89' lang='lat' dir='ltr'>sq.</span> 
     </span>
    </p>
   </div>
   <div class='ocr_carea' id='block_1_5' title="bbox 0 0 1472 4928">
    <p class='ocr_par' dir='ltr' id='par_1_8' title="bbox 0 0 1472 4928">
     <span class='ocr_line' id='line_1_37' title="bbox 0 0 1472 4928; baseline 0 0"><span class='ocrx_word' id='word_1_275' title='bbox 0 0 1472 4928; x_wconf 95' lang='lat' dir='ltr'> </span> 
     </span>
    </p>
   </div>
  </div>
 </body>
</html>
