2924 4928
746 287 809 351 1⁶22

133 491 219 556 Suid
244 511 270 556 s.
294 512 321 556 v
345 513 405 555 πα·
448 494 539 559 Ρίιοί.
572 513 600 559 ο.
632 514 660 558 ν.
694 494 771 605 ποι-ί
829 495 902 557 [ον.
927 496 1002 575 Seu.
1026 494 1062 558 V

216 574 322 661 ww
448 577 770 797 τρίίίαζίτίίωχ

869 580 945 645 397.
970 581 1026 644 30.

113 806 244 883 πατρῷα
261 800 421 884 ιλέγουσιν
447 809 578 885 πατρῷα
608 801 769 886 λέγουσιν
792 800 944 886 πατρῴων
967 804 1022 864 καὶ
1040 823 1099 864 πα-

113 902 141 966 οί
172 903 312 988 ῥήτορες,
345 906 421 968 ὅταν
447 904 475 967 οί
503 904 645 988 παλαιοὶ,
678 906 754 969 ὅταν
792 904 881 989 τρίων
912 907 968 968 καὶ
991 926 1099 989 πατρι-

113 1007 220 1082 αὐτοῖς
243 1006 260 1069 ὁ
282 1005 376 1091 λόγος
398 1008 419 1091 ἠ
447 1009 553 1084 αὐτοῖς
575 1008 592 1071 ὁ
615 1008 752 1092 λόγοςῄ
792 1015 869 1071 κῶν.
895 1016 1026 1091 πατρῷα
1049 1007 1099 1071 λέ-

113 1110 182 1192 περὶ
204 1109 376 1194 χρημάτων
397 1111 419 1194 ἢ
446 1113 515 1194 περί
537 1112 709 1197 χρημάτων
732 1114 752 1197 ἢ
791 1132 898 1195 γουσιν
921 1111 950 1173 οί
971 1109 1099 1195 ῥήτορες

114 1209 228 1275 τόπων.
283 1210 417 1288 Ισαῖος·
447 1213 583 1277 τόπων·
658 1218 755 1292 οὕτως
790 1213 942 1299 χρήματα
955 1213 1098 1299 καὶκτή-

113 1314 275 1397 ἀποφαίνω
303 1315 420 1398 γὰρυ-
387 1315 561 1391 υἸσαῖος
620 1317 653 1380 ἐν
710 1325 754 1400 τῷ
792 1338 877 1402 ματα
900 1319 955 1380 καὶ
971 1316 1096 1400 τόπους,

114 1426 178 1502 μῖν,
207 1416 248 1492 ὡς
270 1418 329 1480 οὐκ
352 1419 420 1480 ἔστι
446 1422 521 1504 πρὸς
552 1419 699 1484 Διοκλέα.

113 1529 171 1605 τῆς
192 1519 367 1604 ἐπικλήρου
384 1523 418 1583 τὸ

113 1621 227 1707 χωρίον
237 1633 342 1706 τοῦτο,
356 1622 420 1687 οὐδ’

113 1723 238 1809 ἐγένετο
275 1724 416 1808 πώποτε,

114 1825 187 1891 ἀλλ’
219 1827 259 1904 ὡς
290 1830 329 1912 ἠν
360 1849 419 1890 πα-

114 1938 212 2014 τρῷον
254 1929 420 2012 Λυσιμὲνει

114 2038 172 2115 τῷ.
195 2036 289 2117 πατρὶ
321 2033 419 2097 Μενε-

114 2135 266 2218 κράτους·
286 2136 346 2199 ὁδὲ
356 2136 419 2201 Λυ-

114 2238 287 2325 σιμένηςέ
290 2261 351 2324 σχε
381 2241 421 2303 τὰ

114 2348 244 2425 πατρῷα
302 2343 417 2407 πάντα.

113 2443 235 2528 flamm
247 2445 280 2508 δὲ
291 2443 367 2531 χςρο
369 2469 419 2510 002
446 2428 561 2512 πάτρια
579 2427 613 2491 δὲ
631 2429 672 2490 τὰ
688 2427 753 2511 ἔθη
790 2429 905 2514 πάτρια
929 2431 962 2494 δὲ
979 2432 1018 2493 τοὶ
1034 2430 1097 2515 ἔθη

447 2534 502 2595 καί
517 2535 558 2595 τὰ
573 2529 687 2614 νόμιμα
700 2532 755 2593 καὶ
790 2535 845 2596 καὶ
861 2535 901 2597 τὰ
916 2534 1029 2617 νόμιμα
1045 2536 1099 2596 και

447 2636 488 2697 τοὶ
511 2632 668 2718 μυστήρια
699 2635 755 2696 καὶ
791 2637 830 2699 τὰ
854 2634 1009 2721 μυστηριοι
1044 2639 1098 2699 καὶ

447 2738 502 2812 τὰς
546 2734 666 2819 ἑορτάς,
714 2734 754 2812 ὡς
790 2741 846 2814 τὰς
868 2738 989 2823 ἑορτοίς,

447 2837 614 2922 Ἀντιφῶν.

113 2549 152 2609 τοὶ
186 2547 250 2632 ἔθη
288 2552 398 2612 κοιιτ
381 2551 420 2613 τὰ

112 2648 227 2733 νόμιμοι
242 2653 297 2713 καὶ
312 2653 352 2714 τὰ
364 2674 419 2736 μυ-

113 2751 226 2836 στήρια
270 2755 325 2816 καί
364 2757 419 2829 τὰς

33 2852 37 2861 ’
112 2853 231 2939 ἑορτάς.
250 2855 415 2939 Ἀντιφῶν·

112 2957 213 3021 Τοῦτο
236 2959 270 3021 δὲ
286 2961 356 3034 τοὺς
371 2884 433 3040 νό-ί

111 3081 187 3144 μους
209 3061 296 3136 εἰδὼς
310 3060 418 3145 πατρί-

110 3183 163 3239 ους
185 3165 241 3226 καὶ
266 3164 419 3241 παλαιοὺς

111 3266 203 3342 ὄντας
227 3267 311 3352 ὑμῖν.
351 3269 417 3333 Πα-

111 3371 215 3452 τριαὸν
252 3370 303 3455 δέ,
343 3373 418 3435 ὅταν
445 3367 612 3449 Πατρικῶν
628 3368 661 3431 δὲ
677 3370 753 3432 ὅταν
789 3375 940 3457 πατρικὸν
956 3373 989 3436 δὲ
1006 3374 1097 3458 φίλον

110 3473 181 3553 περὶ
250 3472 417 3556 προσώπου
445 3472 514 3553 περὶ
579 3470 752 3555 προσώπων
788 3477 808 3560 ἢ
834 3475 965 3560 ἐχθρίν.

110 3582 258 3639 ποιῶνται
290 3578 341 3638 τὸν
364 3575 416 3639 M·
445 3581 594 3636 ποιῶνται
624 3576 677 3637 τὸν
700 3573 751 3637 λί-

109 3698 177 3760 γον.
219 3677 284 3741 Καὶ
300 3679 417 3742 τούτων
444 3697 511 3760 χον,
537 3675 578 3751 ῶς
598 3675 752 3760 Αἰσχίνης

110 3779 265 3863 ἀξιωθείς,
300 3781 350 3844 διὰ
381 3785 415 3845 τὸ
444 3779 477 3842 ἐν
500 3785 544 3861 τῷ
562 3780 648 3841 κατὰ
662 3778 751 3864 Κτη-

110 3885 259 3967 πατρικὸς
270 3885 355 3967 αὐτῷ
368 3883 416 3967 ρί-
444 3890 605 3966 σιφῶντος.

109 3985 162 4062 λος
179 3987 269 4050 είναι.
302 3985 415 4071 Αἰσχί-

109 4110 164 4174 νης
194 4089 227 4153 ἐν
257 4097 302 4172 τῶ
331 4092 416 4153 κατὰ

108 4189 346 4276 Κτησιφῶντος.

1136 494 1231 558 Μίοίι.
1249 495 1343 558 ΡοοΙΙ
1366 494 1447 577 §43

1136 698 1258 763 inverso
1340 699 1448 764 ordino

1140 799 1288 884 ,πάτριαι
1344 803 1448 884 inquit

1140 905 1185 987 ,δὲ
1223 906 1278 967 καὶ
1314 912 1448 988 πατρῷα

1136 1005 1202 1070 οὔτ’
1223 1008 1306 1071 αὐτὰ
1338 1006 1366 1070 οἱ
1390 1006 1446 1091 ῥή-

1136 1111 1363 1192 τορεςοίονται·
1390 1109 1446 1173 ἀλ-

1136 1212 1178 1276 λὰ
1201 1211 1316 1295 πάτρια
1333 1213 1389 1297 μὲν
1405 1216 1445 1276 τοὶ

1136 1316 1200 1400 ἔθη
1234 1317 1290 1378 καὶ
1321 1318 1361 1378 τὰ
1396 1314 1445 1378 νί-

1136 1439 1214 1503 μιμα
1238 1420 1293 1481 καί
1324 1419 1364 1481 τοὶ
1388 1439 1444 1503 μυ-

1136 1512 1252 1605 στήρια
1289 1523 1345 1584 καὶ
1389 1523 1445 1596 τὰς

1136 1623 1244 1708 ἑορτὰς
1275 1624 1445 1709 ὀνομάζου-

1137 1749 1187 1809 σι,
1234 1734 1367 1810 πατρῷα
1410 1726 1446 1790 δὲ

1136 1832 1189 1894 τον
1212 1830 1299 1892 οίκον
1326 1831 1382 1892 καὶ
1404 1832 1446 1893 τοὶ

1136 1932 1236 2018 χωρία
1248 1934 1304 1995 καὶ
1315 1934 1356 1996 τὰ
1365 1932 1445 2017 χρή-

1137 2038 1247 2121 ματα(
