2924 4928
746 339 789 401 68

203 544 261 608 bae
291 542 373 626 regis
397 541 648 607 Mauretanorum
672 541 827 624 θεατρικῇ
853 540 972 626 ἱστορίᾳ
994 561 1137 608 manasse
1159 545 1283 609 constat
1305 546 1329 626 J.

204 646 264 713 Sed
285 645 399 712 iubam
425 645 549 710 unicum
572 643 708 709 Pollucis
734 644 851 709 iontem
873 644 977 723 fuisse,
1009 645 1130 710 Rohdio
1163 645 1329 712 concedere

203 748 322 827 nolunt,
354 748 548 825 conicientes,
580 749 638 825 „ut
665 746 735 811 aliis
768 746 844 811 locis
876 747 1048 830 complures
1071 748 1166 812 simul
1188 749 1329 812 auctores

177 852 317 917 Nostro
349 851 553 934 suppetiisse,
584 851 629 914 ita
660 849 711 914 hic
738 867 858 932 quoquo
891 850 1101 932 evenisse“²).
1148 849 1234 930 Quae
1256 869 1329 915 oum

202 957 247 1022 ita
270 955 342 1032 sint,
375 955 414 1019 ad
436 955 606 1019 ceterorum
628 953 776 1017 librorum
799 970 939 1018 normam
960 953 1075 1019 librum
1098 972 1219 1036 quoque
1242 957 1329 1019 oeta-

202 1079 276 1124 vum
299 1058 503 1141 compositum
526 1075 593 1122 esse
616 1056 815 1122 statuendum
838 1058 894 1122 est.
952 1057 1047 1123 (iuius
1071 1059 1139 1123 libri
1163 1076 1328 1141 argumen-

201 1168 266 1227 tum
290 1165 316 1227 si
341 1164 528 1245 praestantia
551 1163 665 1226 ceter-ie
687 1161 779 1225 tacite
802 1162 970 1239 antecellit,
995 1163 1057 1226 lroe
1080 1179 1181 1244 neque
1206 1163 1327 1225 auctori

203 1284 303 1348 neque
336 1265 546 1346 componendi
579 1265 689 1329 rationi
720 1263 778 1328 aed
809 1264 887 1328 ionti
913 1266 963 1327 uni
984 1265 1143 1329 Aristoteli
1168 1263 1250 1327 laudi
1272 1264 1327 1325 tri·

201 1368 357 1433 buendurn
381 1366 438 1433 eet.

278 1659 302 1747 ξ
326 1659 362 1727 2.
400 1657 638 1726 Aristotelis
662 1656 890 1725 auctoritas
915 1654 1022 1744 apud
1046 1656 1212 1724 ceteros

639 1759 881 1848 scriptores·

301 1913 392 1979 Nune
424 1914 462 1978 ad
493 1915 610 1980 ceteros
646 1914 810 1996 scriptores
845 1912 1080 1996 aggrediemur,
1118 1930 1195 1995 quos
1228 1913 1324 1976 simul

198 2019 332 2082 tractare
354 2018 467 2099 placet,
498 2017 534 2082 ut
564 2016 664 2099 magis
690 2017 844 2099 appareat,
877 2016 1028 2099 quatenus
1062 2034 1159 2098 usque
1181 2015 1221 2081 ad
1243 2016 1323 2080 tem-

198 2139 273 2202 pora
306 2121 438 2185 maxime
476 2119 625 2186 distantia
661 2119 829 2210 auctoritas
860 2120 1040 2185 Aristotelis
1071 2118 1254 2202 pertinuerit
1289 2121 1324 2184 et

198 2243 275 2306 qnae
297 2220 376 2290 ratio
398 2224 479 2288 inter
500 2223 624 2306 singula
645 2223 742 2288 lorica
763 2223 916 2288 rhetorica
938 2222 1120 2288 intercedat.

350 2430 384 2511 a)
419 2430 448 2491 in
472 2429 578 2511 glossa
610 2425 824 2512 ἡγεμονία
854 2424 1161 2511 δικαστηρίων.

297 2581 357 2659 Qui
374 2584 486 2663 cuique
502 2600 617 2646 caueae
634 2579 850 2664 dijudicandae
866 2581 1036 2662 praetuerit
1051 2581 1180 2658 arction,
1196 2580 1320 2661 praeter

195 2683 395 2748 Aristotelem
428 2702 495 2765 cap.
527 2683 672 2746 55-59
703 2684 761 2747 len.
794 2682 864 2766 Sag.
897 2683 934 2746 V.
969 2681 1043 2744 309.
1065 2680 1243 2746 33-310.
1276 2681 1320 2742 ‘27

195 2786 288 2869 (τίνες
320 2786 413 2850 ποίων
445 2784 653 2871 δικαστηρίων
684 2787 771 2871 εἶχον
801 2787 858 2874 τὴν
889 2784 1073 2871 ἡγεμονίαν)
1110 2802 1165 2850 nos
1200 2785 1319 2851 edocet.

194 2891 255 2955 Ubi
278 2909 348 2955 cum
371 2889 411 2953 ad
433 2889 587 2955 archontis
611 2890 752 2973 eponymi
779 2890 881 2955 officia
911 2890 1033 2971 praeter
1064 2909 1110 2968 ea,
1143 2907 1220 2971 quae
1242 2888 1318 2951 Ari-

196 2994 322 3058 stoteles
354 2994 554 3070 enumeravit,
588 3011 681 3057 causa
712 2993 831 3077 ἀργίας,
861 2993 900 3058 ad
921 2993 1201 3058 thesmothetarum
1224 3009 1319 3056 causa

193 3095 307 3181 ὕβρεως
328 3095 434 3160 addita
457 3095 506 3174 sit,
531 3093 775 3179 Wilamowilu³p
806 3114 866 3160 non
893 3097 1012 3161 lexicon
1035 3095 1105 3176 Seg.
1129 3094 1166 3159 V.
1190 3112 1226 3158 ex
1248 3093 1318 3157 Ari·

192 3199 314 3279 stotelo,
341 3199 395 3265 sed
417 3199 581 3281 utrumque
604 3218 619 3263 e
641 3199 732 3264 tertio
756 3199 838 3264 fonte
861 3218 1004 3264 manasse
1026 3198 1133 3264 eredit.
1177 3196 1266 3277 Quod
1289 3197 1317 3260 si

191 3322 298 3368 verum
322 3303 413 3380 esset,
445 3302 580 3385 primum
603 3322 663 3367 non
685 3302 946 3386 intellegeremus,
979 3320 1034 3366 cur
1055 3301 1191 3383 exceptis
1214 3299 1315 3365 causis

191 3406 305 3492 ὕβρεως
326 3406 358 3470 et
380 3403 489 3489 ἀργίας
511 3405 634 3470 easdem
656 3424 691 3469 er
712 3406 796 3470 fonte
818 3405 874 3471 illo
896 3404 1036 3470 uberiore
1067 3404 1156 3481 δίκας
1186 3404 1314 3468 haustas

190 3509 393 3585 inveniamus,
416 3527 492 3591 quas
515 3508 698 3572 Aristoteles
720 3508 904 3590 percensuit,
932 3508 1001 3571 tum
1023 3526 1077 3572 our
1098 3508 1156 3572 lex.
1180 3505 1251 3590 Seg.
1274 3505 1314 3569 V.

190 3611 291 3677 officia
314 3612 468 3676 archontie
491 3610 679 3694 polemarohi
701 3610 806 3676 eodem
830 3610 921 3692 atque
942 3611 1125 3676 Aristoteles
1148 3609 1215 3675 loco
1238 3627 1314 3674 enu-

292 3917 318 3984 1)
337 3919 370 3972 ot.
389 3919 419 3971 Ε.
439 3919 544 3982 Rohde,
572 3919 606 3972 de
624 3918 693 3972 ‹lulii
710 3918 834 3972 Pollucis
853 3919 883 3972 in
910 3920 1048 3986 apparatu
1074 3919 1205 3973 scaenico
1229 3933 1311 3973 enar·

188 4005 277 4057 raudo
296 4004 429 4058 tontibus.
467 4004 541 4070 Lips.
561 4004 635 4057 1870.
1251 4067 1253 4071 y

292 4089 319 4157 2)
339 4090 371 4143 ol.
391 4090 421 4142 Ε.
440 4088 568 4153 armeus,
597 4090 802 4154 Quaestionum
823 4091 857 4144 de
874 4089 945 4144 lulli
962 4090 1086 4144 Pollucis
1107 4090 1233 4144 tontibus
1251 4104 1312 4157 spe·

188 4176 287 4230 oimen.
323 4175 397 4229 Berl.
419 4176 492 4230 1814.
511 4191 536 4243 p.
554 4177 597 4231 37.

289 4261 320 4322 3)
338 4261 355 4314 l.
375 4261 391 4313 l.
420 4260 439 4313 I.
467 4277 492 4329 p.
511 4263 570 4315 255.
590 4277 652 4316 ann.
672 4262 729 4316 146.
765 4278 790 4330 p.
809 4263 861 4316 244
878 4277 941 4317 ann.
962 4263 1020 4318 119.
