2910 4944
603 280 644 344 45

57 526 84 615 ἕ
99 527 135 596 8.
159 528 301 617 Neque
318 530 578 601 statuendum
596 535 661 602 est
672 533 939 604 Aristotelem
956 537 1182 605 sententias

215 632 322 702 alius
346 635 560 704 cuiusdam
584 638 753 707 tacitum
776 637 1028 728 impugnare.

163 816 223 882 Sed
246 837 419 901 caveamus,
443 842 481 888 ne
504 824 561 889 sub
583 825 677 888 verba
692 824 870 890 Aristotelis
886 824 956 908 plus
972 823 1182 908 subjiciamus,

60 937 151 999 quam
177 922 258 1002 quod
281 923 346 1004 ipse
370 927 476 990 auctor
497 926 598 991 dicere
621 927 728 992 voluit.
763 928 830 994 Hoc
853 928 929 992 mibi
951 928 1060 993 fecisse
1076 928 1183 993 viden-

60 1021 110 1085 tur
141 1022 305 1107 Lipsius¹)
340 1029 475 1107 cautius,
510 1028 655 1095 audacius
687 1030 947 1110 Wilamowitffl),
986 1050 1056 1096 cum
1090 1031 1184 1096 verba

60 1143 126 1206 cap.
149 1124 244 1192 521
278 1133 333 1194 καὶ
363 1133 424 1215 γὰρ
456 1132 573 1208 ταύτας
607 1133 779 1218 carpum
809 1134 837 1198 et
869 1133 983 1199 ἕνδεκα
1014 1134 1183 1201 contrariae

60 1228 222 1295 cuiusdam
253 1235 425 1299 sententiae
457 1236 598 1317 opposita
621 1256 687 1302 esse
710 1238 996 1320 interpretarentur.
1042 1237 1182 1321 Diligen-

10 1370 20 1417 ,ι
58 1346 121 1409 tius
152 1336 248 1420 igitur
278 1339 381 1402 locum
412 1338 502 1403 illum
535 1341 773 1420 perscrutemur,
804 1360 878 1404 num
911 1359 944 1404 re
967 1359 1040 1404 vera
1062 1339 1184 1404 occulta

10 1430 15 1547 Ξ
59 1444 211 1529 quaedam
234 1442 353 1507 alienae
381 1441 533 1523 opinionis
555 1443 750 1524 reprehensio
774 1444 882 1508 subsit.
927 1443 1191 1544 ,Undecimviros‘¹

10 1555 18 1655 'p
60 1546 241 1613 Aristoteles
272 1545 384 1627 inquit,
416 1545 631 1623 ,Athenienses
662 1547 743 1612 sorte
767 1547 932 1630 eligebant,
966 1547 1018 1628 qui
1042 1545 1183 1611 consule·

57 1654 126 1717 rent
141 1650 256 1716 carceri
278 1652 310 1714 ct
331 1652 424 1728 fures,
447 1651 500 1732 qui
522 1651 686 1716 manifesto
709 1653 740 1716 in
764 1653 896 1716 facinore
919 1650 1182 1734 deprehenderen-

57 1757 117 1833 tur,
150 1754 313 1836 peccatum
345 1753 499 1819 confessos
531 1754 682 1837 supplicio
710 1755 875 1833 afficerent,
909 1754 1110 1846 negantes-in
1129 1754 1182 1837 jus

57 1859 211 1923 vocarent.
265 1856 440 1921 Eorundem
472 1858 581 1922 deinde
614 1861 690 1937 erat,
725 1878 814 1942 agros
847 1858 991 1924 domosve
1024 1858 1183 1941 publicata

57 1959 212 2037 iudicibus
245 1957 442 2041 dijudicanda
475 1961 520 2037 et,
553 1979 630 2042 quae
661 1961 693 2025 hi
725 1961 850 2044 publica
883 1978 949 2025 esse
972 1960 1180 2034 decreverunt,

57 2063 168 2144 poletis
200 2062 405 2128 auctionante
436 2063 576 2128 tradere‘.
631 2063 716 2144 Quae
747 2064 848 2129 officia
879 2066 982 2128 omnia
1010 2064 1181 2128 necessario

57 2183 128 2228 cum
175 2185 248 2230 cura
280 2166 472 2232 vinculorum
514 2167 671 2232 artissime
708 2168 879 2232 cohaerent.
905 2176 907 2180 “
937 2166 1063 2230 Nullius
1100 2166 1182 2229 enim

57 2268 190 2333 hominis
213 2269 294 2333 bona
316 2272 347 2335 in
370 2270 528 2352 publicum
552 2270 775 2336 addicebantur
798 2270 858 2334 nisi
875 2288 990 2347 corum,
1015 2270 1068 2351 qui
1090 2269 1181 2333 antea

57 2372 182 2453 propter
213 2372 327 2436 crimen
359 2373 576 2456 gravissimum
610 2373 721 2458 capitis
743 2392 840 2457 poena
863 2372 949 2456 digni
972 2373 1074 2435 essent
1097 2371 1180 2434 facti.

57 2473 186 2556 Utrique
209 2474 306 2556 igitur
336 2476 443 2558 generi
466 2476 497 2539 et
529 2495 645 2558 eorum,
677 2476 729 2557 qui
761 2476 836 2539 furti
862 2475 997 2539 accusati
1020 2474 1118 2550 erant,
1151 2474 1181 2536 ct

58 2595 173 2655 eorum,
205 2596 335 2659 quorum
357 2578 437 2645 bona
458 2579 584 2664 publica
606 2579 689 2644 tacta
712 2580 808 2656 erant,
839 2577 897 2642 hoc
920 2595 1081 2641 commune
1104 2571 1178 2653 erat,

59 2680 176 2745 lacinus
203 2679 270 2763 jam
301 2683 500 2748 commissum
528 2684 559 2746 et
580 2701 666 2746 reum
690 2682 722 2745 in
745 2680 868 2747 vincula
890 2680 1051 2764 abreptum
1076 2678 1178 2756 luisse,

57 2802 127 2848 cum
159 2784 190 2848 in
222 2803 315 2850 causa
345 2785 499 2863 ἐνδείξεως
530 2785 737 2868 magistratus·
762 2784 801 2849 ad
832 2785 936 2850 locum
958 2783 1101 2848 facinoris
1124 2779 1179 2845 ad-

56 2887 228 2965 duceretur,
260 2887 296 2952 ut
326 2889 392 2972 ipse
424 2888 599 2954 maleficum
630 2888 795 2973 corriperet
805 2887 841 2970 ³).
896 2886 984 2967 Quod
1006 2884 1180 2970 paullulum

56 2990 164 3055 aberat
194 2990 232 3054 ab
256 2991 356 3056 officio
389 3011 503 3069 eorum,
534 2993 587 3074 qui
619 2995 738 3057 carceri
762 2992 933 3076 praeerant.
979 2989 1061 3073 Apte
1084 2988 1180 3071 igitur

56 3094 241 3158 Aristoteles
264 3095 356 3159 verba
379 3096 423 3160 sic
445 3096 614 3180 disposuit:
647 3095 871 3160 undecimviros
898 3113 957 3158 non
981 3094 1081 3158 solum
1104 3091 1180 3155 furti

56 3213 132 3275 reos,
168 3216 227 3262 non
262 3197 361 3262 solum
384 3199 463 3262 bona
486 3199 516 3263 in
540 3199 662 3284 publico
684 3197 846 3263 vendenda
865 3196 981 3280 judicio
1004 3193 1178 3270 tradidisse,

56 3301 110 3365 scd
134 3301 228 3365 etiam
252 3319 360 3365 causas
384 3300 550 3379 ἐνδείξεως.
606 3302 688 3381 Quas
711 3319 772 3365 non
794 3301 885 3385 plane
909 3297 1081 3364 condicioni
1099 3295 1180 3378 juri-

55 3422 115 3485 que
152 3403 433 3468 undecimvirorum
464 3406 657 3486 respondisse
688 3403 758 3468 inde
790 3421 909 3485 quoquc
941 3400 1060 3477 elucet,
1098 3397 1180 3480 quod

54 3506 282 3572 thesmuthetae
306 3508 426 3590 partem
448 3508 557 3574 barum
579 3527 739 3574 causarum
764 3506 824 3571 sibi
847 3503 1088 3570 vindicaverunt.
1128 3499 1179 3564 Sic

53 3609 118 3673 fere
156 3610 309 3675 sententia
339 3612 526 3676 Aristotelea
563 3611 725 3695 interjecta
761 3609 901 3692 intellegi
937 3608 1056 3692 potest,
1094 3603 1179 3668 nullo

51 3711 162 3795 ignoto
194 3714 285 3794 atque
318 3714 447 3778 obscuro
471 3715 647 3779 Aristotelis
680 3713 853 3778 adversario
883 3730 919 3775 ex
940 3709 1045 3774 inferis
1069 3707 1179 3773 elicito.

52 3903 312 3913 ——---—.-.

160 4025 184 4088 1)
201 4023 333 4077 Berichte
352 4024 402 4077 der
419 4024 510 4077 stolis.
530 4023 594 4077 Ges.
615 4024 639 4077 d.
659 4024 742 4076 Wiss.
764 4022 837 4076 1891.
857 4036 883 4088 p.
902 4021 944 4076 54.
964 4034 1026 4074 ann.
1048 4021 1069 4073 1.

159 4109 186 4173 2)
205 4109 397 4162 Wilamowitz
415 4109 432 4161 l.
451 4109 468 4161 l.
488 4108 506 4160 l.
526 4108 585 4160 222.
605 4122 667 4161 ann.
687 4109 727 4160 71.

158 4196 592 4262 3)lleie1··Schdmann-Lipsius
612 4197 666 4249 Att.
686 4196 765 4249 Proz.
785 4209 810 4261 p.
829 4195 887 4249 286.
