2924 4928
714 381 756 446 38

181 606 293 653 corona
322 586 518 669 perlegimus,
551 589 716 669 utrumque
748 589 900 652 oratorem
931 586 1098 652 sescenties
1125 585 1162 651 de
1185 587 1311 651 εὔθυνα

181 691 274 755 rerba
289 690 389 755 facere
403 690 587 772 invenimus,
612 690 795 755 Aeschinem
815 691 846 754 in
870 689 979 770 primis
1003 688 1046 772 (3.
1071 694 1089 766 5
1111 688 1235 771 9-32)
1259 690 1306 754 le·

181 811 253 875 gem
285 791 322 856 de
355 791 414 856 hac
444 811 476 856 re
507 792 604 856 latam
635 791 758 875 longius
789 792 985 873 interpretari
1016 793 1048 856 et
1078 792 1202 873 saepius
1234 795 1309 868 τοὺς

182 898 336 981 ἄρχοντας
350 894 539 978 distinguere
556 913 574 959 a
591 903 656 970 τοῖς
674 896 714 958 τὰ
736 893 873 980 δημόσια
895 894 1047 980 χρήματα
1070 894 1308 980 διαχειρίζουσιν

182 1000 232 1063 111
263 1006 327 1074 τοῖς
357 999 397 1062 τὰ
434 1006 492 1081 τής
521 996 642 1073 πόλεως
672 995 933 1082 διαχειρίζουσιν,
972 1016 1048 1079 quos
1080 998 1307 1063 Demosthenes

183 1102 233 1166 19.
256 1101 276 1163 2
306 1103 377 1176 τοὺς
398 1098 575 1183 πράξαντάς
597 1121 626 1163 τι
649 1108 711 1164 τῶν
733 1107 845 1164 κοινῶν
868 1102 923 1164 καὶ
945 1100 1167 1186 διοικήσοντας
1189 1101 1239 1166 111
1261 1102 1308 1166 si·

181 1204 296 1269 militer
318 1203 465 1286 appellat.
510 1202 584 1268 lnde
607 1202 696 1267 facile
725 1222 843 1268 unuse
879 1203 1047 1287 philologis
1077 1203 1307 1283 Alexandrinis,

181 1326 257 1388 quos
279 1306 449 1372 oratoribus
468 1306 571 1371 atticis
587 1305 774 1388 explicandis
791 1324 916 1388 operam
933 1305 1052 1371 dedisse
1076 1307 1206 1385 constat,
1231 1307 1305 1370 doc·

181 1412 245 1474 tam
267 1408 355 1474 illam
385 1409 566 1487 doctrinam,
599 1408 765 1490 assumptis
797 1427 814 1472 e
846 1427 938 1473 causa
969 1411 1038 1492 περὶ
1065 1417 1123 1492 τής
1144 1429 1307 1493 παραπρε-

182 1509 285 1597 σβείας
307 1512 428 1594 legatis,
454 1511 570 1593 fingere
592 1511 704 1593 potuit,
735 1529 812 1593 quae
837 1511 957 1575 mutata
980 1513 1011 1576 et
1033 1511 1190 1576 contracta
1212 1513 1244 1577 11
1266 1511 1308 1575 ab

181 1614 242 1678 alio
274 1614 328 1678 alii
358 1614 473 1679 tradita
505 1613 634 1695 denique
666 1614 698 1678 in
729 1614 826 1678 lexica
853 1615 956 1679 nostra
977 1614 1131 1680 rhetorica
1153 1615 1306 1697 pervenit.

181 1717 270 1797 Quod
292 1718 350 1782 1111
373 1738 428 1800 pro
451 1719 534 1783 11111
558 1717 706 1782 affirmari
729 1735 788 1783 non
811 1718 922 1800 potest,
949 1720 1054 1783 tamen
1077 1717 1144 1783 fieri
1166 1718 1307 1800 potuisse

180 1821 408 1886 concedendum
430 1823 486 1887 est.

283 1925 349 1989 Hoc
371 1926 475 1989 autem
497 1924 566 1989 ideo
589 1924 713 1989 silentio
734 1926 898 2007 praeterire
929 1925 1022 2004 nolui,
1057 1926 1128 2008 quia
1149 1925 1304 1991 Wilamo·

181 2029 250 2092 witz
266 2027 421 2093 interdum
439 2028 532 2092 nimis
548 2028 632 2111 large
654 2029 845 2112 temporibus
868 2031 900 2094 et
920 2029 1056 2094 fontibus
1079 2029 1306 2111 antiquioribus

181 2131 314 2195 tribuere
335 2129 412 2195 mihi
434 2129 564 2207 ridetur,
589 2149 666 2211 quae
689 2131 817 2195 fortasse
839 2130 1044 2195 Alexandriae
1067 2131 1126 2195 1111
1147 2149 1304 2214 gramma-

180 2235 235 2298 tici
257 2232 504 2298 exorationibus
527 2233 622 2297 etiam
644 2234 718 2298 tuno
740 2234 867 2317 integris
896 2235 957 2316 ipsi
978 2233 1208 2316 interpretando
1231 2251 1305 2299 con-

175 2336 325 2418 jecerunt.
378 2335 449 2400 Huc
471 2355 538 2401 mea
561 2335 685 2417 quidem
708 2337 861 2402 sententia
883 2338 1019 2419 pertinet
1040 2337 1082 2414 io,
1115 2336 1197 2419 quod
1219 2336 1305 2401 Har·

180 2440 335 2521 pocration
359 2439 396 2504 de
418 2440 575 2523 synogoris
598 2458 622 2503 s.
645 2459 673 2504 1.
695 2439 860 2523 συνήγοροι
883 2443 988 2505 narrat
1010 2439 1104 2522 (unde
1126 2439 1305 2504 1111111,

183 2572 219 2598 =
245 2545 295 2608 Et.
319 2543 364 2608 Μ.
387 2542 460 2607 735.
483 2541 548 2626 26),
592 2542 752 2625 Antiphon
780 2544 872 2607 huius
903 2545 1104 2626 magistratus
1128 2544 1248 2608 duabus
1271 2544 1301 2607 in

180 2646 368 2712 orationibus
400 2647 587 2711 mentionem
618 2646 692 2711 feeit
721 2647 825 2728 ibique
857 2664 916 2710 non
949 2647 1065 2729 apertis
1091 2646 1191 2711 verbis
1215 2645 1302 2722 dixit,

180 2751 300 2814 sortene
331 2768 369 2813 an
394 2749 539 2831 suffragio
571 2750 732 2814 constituti
763 2749 835 2815 sint.
888 2751 996 2831 ltaque
1024 2749 1200 2831 philologus
1233 2750 1306 2830 qui-

181 2852 262 2926 dam,
296 2852 349 2932 qui
381 2852 412 2915 in
444 2853 533 2916 rebus
565 2852 666 2918 dubiis
698 2854 806 2917 cautus
839 2872 904 2918 esse
928 2852 1026 2931 debet,
1058 2872 1114 2929 pro
1137 2851 1306 2938 συνήγοροι

179 2963 428 3039 χειροτονοῦνται
443 2954 555 3018 maluit
570 2955 688 3020 dicere:
713 2955 836 3018 ἐοίκασι
851 2956 1104 3041 χειροτονεῖσθαι
1120 2954 1305 3040 συνήγοροι.

180 3057 244 3121 Nos
275 3056 347 3121 inde
377 3057 434 3121 hoo
465 3058 587 3121 tantum
609 3059 805 3141 percipimus,
832 3059 864 3123 in
886 3059 1088 3142 Antiphontis
1112 3059 1306 3124 orationibus

177 3162 260 3225 hunc
282 3160 498 3240 magistratum
521 3164 798 3228 commemoratum
820 3183 898 3242 esse,
930 3163 983 3228 sed
1014 3181 1074 3226 non
1104 3163 1301 3244 perspicuum

180 3263 283 3341 fuisse,
317 3263 468 3345 quomodo
500 3284 612 3330 munus
641 3266 685 3330 eis
708 3266 915 3331 mandaretur.
961 3265 1168 3330 Wilamowitz
1181 3264 1206 3343 ¹)
1229 3284 1302 3331 1111

180 3368 286 3431 statim
309 3367 433 3432 scribit:
456 3368 517 3446 ‚dic
536 3369 701 3454 συνήγοροι
724 3369 794 3434 sind
814 3370 859 3433 im
881 3369 979 3434 111.
1003 3367 1218 3434 11111Ζ1111111
1240 3369 1304 3432 im·

179 3490 244 3536 mer
265 3471 420 3553 gewahlt‘.
473 3470 517 3535 Ab
548 3474 772 3554 praeterquam,
805 3471 886 3554 quod
917 3462 997 3536 illud
1025 3470 1146 3535 ἐοίκασι
1169 3490 1233 3548 nos,
1267 3473 1305 3535 ut

179 3593 352 3653 caveamus,
375 3575 488 3653 monet,
512 3576 647 3641 nondum
669 3576 860 3658 exploratum
883 3575 938 3653 est,
972 3593 1010 3638 an
1043 3575 1186 3659 synegori
1207 3574 1304 3638 Anti·

178 3676 305 3758 phontei
326 3676 440 3742 diversi
461 3678 576 3742 fuerint
598 3679 636 3744 ab
659 3678 864 3743 Aristoteleis.
910 3676 1066 3760 eilberto
1098 3677 1168 3742 illos
1191 3677 1301 3742 litibus

179 3779 332 3844 sociorum
354 3781 461 3862 populi
484 3781 682 3846 Atheniensis
704 3782 868 3865 occupatos
892 3781 1064 3858 cessissit,
1096 3800 1207 3863 nempe
1229 3783 1306 3862 quia

179 3882 337 3965 Antiphon
360 3902 464 3948 eorum
488 3885 518 3949 in
541 3886 686 3963 oratione,
709 3904 787 3968 quae
809 3885 905 3968 περὶ
927 3893 1000 3947 τοῦ
1022 3883 1205 3948 Λινδίων
1228 3884 1295 3968 pb·

177 4088 431 4102 uq—

282 4219 308 4290 1)
327 4222 343 4274 l.
363 4223 379 4274 l.
400 4221 417 4274 l.
436 4237 461 4290 p.
480 4221 530 4275 233
549 4238 571 4276 c.
590 4237 653 4277 ann.
672 4225 713 4278 9-1.

281 4306 310 4376 2)
328 4323 369 4376 gr.
388 4307 595 4362 Staatsalterth.
617 4308 714 4363 1²477.
