2924 4928
629 353 834 454 *Al-m

167 555 279 621 Stablii
298 554 452 638 judicium
476 556 665 638 probantem,
702 557 754 638 qui
781 558 957 623 contextum
980 556 1213 640 Thucydideum
1237 576 1292 638 po-

167 659 317 724 detentim
341 660 372 723 in
396 659 513 724 statum
537 659 720 726 deteriorem
753 659 913 741 delapsum
945 677 1011 725 csse
1034 660 1161 724 statuat.
1209 658 1292 724 Nam

166 763 334 845 utcumque
349 781 404 827 res
427 780 460 827 se
482 762 585 840 babet,
616 762 826 844 unusquisque
853 780 958 827 eornm
983 761 1113 826 libenter
1136 760 1292 840 concedet,

167 867 194 930 si
216 867 297 930 inter
318 865 502 948 scriptorem
524 884 627 931 rernm
651 868 807 949 gestarum
831 867 896 930 tam
919 884 1055 948 gravem,
1081 863 1181 948 qualis
1204 865 1289 929 Thu-

167 968 292 1052 cydides
315 968 379 1034 sine
403 968 496 1034 dnbio
520 969 590 1045 luit,
625 971 656 1033 et
678 969 909 1050 inscriptionem
935 970 1029 1052 lapidi
1052 969 1181 1032 incisam
1204 968 1293 1032 tanta

168 1071 348 1136 discrimina
369 1071 554 1149 invenimus,
577 1089 655 1153 quae
678 1070 709 1135 et
731 1070 770 1135 ad
794 1070 948 1136 delectum
972 1075 1003 1137 et
1019 1071 1057 1136 ad
1073 1071 1211 1135 ordinem
1227 1071 1293 1135 sin-

167 1174 311 1258 gulorum
335 1173 498 1239 verborum
522 1174 684 1256 pertinent,
713 1192 768 1238 nos
791 1175 877 1240 nullo
899 1175 991 1240 modo
1013 1174 1120 1238 mirari
1143 1192 1242 1255 posse,
1265 1174 1291 1237 si

167 1277 367 1360 philosophus
401 1279 432 1342 et
462 1277 511 1342 lex
541 1294 595 1359 per
628 1279 745 1342 litteras
777 1278 865 1342 nobis
891 1277 1008 1342 tradita
1030 1294 1090 1340 uno
1114 1277 1204 1341 verbo
1227 1276 1292 1341 dis-

167 1381 304 1463 crepant.
341 1382 506 1446 Praeterea
529 1380 669 1463 iniquum
693 1398 760 1446 esse
778 1382 863 1462 puto,
888 1381 926 1446 ad
949 1381 1046 1445 talem
1070 1379 1291 1444 dissensionem

166 1483 392 1566 explanandam
416 1501 523 1549 causas
547 1482 670 1548 aliunde
693 1501 841 1565 promere,
874 1484 901 1548 si
923 1483 971 1547 bis
994 1501 1054 1546 non
1078 1500 1214 1565 egemus,
1238 1480 1292 1546 sed

167 1587 274 1650 contra
296 1603 340 1664 ea,
365 1604 442 1668 quae
465 1585 553 1650 nobis
575 1584 638 1649 loci
661 1585 721 1667 ipsi
745 1585 885 1663 offerunt,
909 1584 1075 1649 sufficiunt.

166 1904 253 1993 33.
297 1904 407 1974 Idem
431 1905 543 1973 valet
566 1904 606 1970 in
630 1903 760 1973 verba
793 1906 896 1988 ὑπὲρ
928 1915 1002 1990 τῆς
1027 1905 1190 1982 πόλεως
1223 1908 1292 1973 aut

166 2027 272 2111 ὑπὲρ
304 2036 379 2111 τῆς
409 2025 616 2109 πατρίδος
648 2024 755 2113 apud
782 2024 953 2093 Aristot.
977 2024 1088 2092 55.2
1121 2025 1291 2096 omissa.

271 2204 362 2270 Tales
377 2204 427 2270 vel
443 2205 569 2283 similes,
594 2204 693 2282 credo,
717 2204 917 2288 cogitationes
933 2203 1164 2270 Wilamowitzii
1177 2204 1201 2289 ¹)
1224 2206 1292 2270 ani-

167 2327 252 2373 mum
278 2308 512 2372 commovebant
534 2309 564 2372 in
589 2307 825 2373 difficultatibus
849 2308 959 2389 capitis
982 2308 1065 2370 552
1088 2308 1294 2387 illustrandis,

168 2412 227 2477 etsi
248 2411 306 2475 boc
327 2411 395 2476 loco
419 2411 602 2494 argumenta
625 2430 681 2476 sua
704 2412 803 2494 magis
826 2410 962 2476 occultat
984 2429 1075 2492 quam
1100 2411 1210 2493 aperit.
1256 2411 1290 2473 ln

167 2512 378 2597 decantanda
401 2514 483 2577 enim
506 2512 666 2597 ἀνακρίσει
679 2513 712 2591 ²),
746 2517 780 2578 nt
811 2514 868 2577 hoc
896 2513 971 2577 artis
994 2531 1120 2595 graecae
1142 2513 1293 2577 vocabulo

167 2617 247 2693 utar,
270 2615 455 2681 Aristoteles
478 2614 622 2680 nltimam
646 2616 854 2697 quaestionem
878 2614 979 2680 verbis
1004 2617 1058 2689 τάς
1080 2612 1242 2697 στρατείας
1265 2613 1294 2675 εἰ

168 2717 384 2801 ἐστράτευται,
409 2717 582 2783 Dinarchus
599 2718 625 2781 εἰ
648 2719 702 2794 τάς
719 2716 882 2801 στρατείας
905 2718 1006 2801 ὑπὲρ
1029 2725 1105 2800 τῆς
1127 2715 1291 2790 πόλεως

168 2819 372 2904 ἐστράτευται
394 2819 501 2886 tradit.
554 2820 633 2886 Poll.
657 2820 742 2885 Vlll.
767 2821 809 2882 86
832 2823 863 2885 et
884 2821 940 2885 lex.
964 2821 1052 2886 Cant.
1076 2839 1099 2884 s
1122 2840 1150 2887 v.
1174 2819 1292 2904 θεσμο-

168 2922 275 2987 θετῶν
296 2923 467 3007 ἀνάκρισις,
493 2924 544 3006 qui
568 2923 647 2988 alter
669 2924 777 3001 celato,
802 2924 880 2988 alter
903 2924 1059 2990 nominato
1082 2926 1206 2989 auctore
1219 2924 1294 2988 Ari-

168 3027 311 3092 stotelem
334 3027 519 3104 exscribunt,
551 3028 655 3091 tamen
680 3027 711 3089 in
734 3027 792 3091 hac
816 3028 993 3110 quaestione
1017 3030 1117 3109 magis
1140 3047 1210 3093 cum
1233 3027 1294 3090 Di-

168 3128 281 3194 narcbo
305 3148 396 3211 quam
419 3149 490 3195 cum
513 3130 680 3194 Aristotele
703 3133 885 3214 congruunt.
929 3130 1065 3213 Uterque
1089 3132 1170 3195 enim
1194 3131 1294 3210 scrip·

168 3235 218 3296 tor
240 3231 348 3297 codem
372 3233 439 3298 loco
462 3233 569 3298 eadem
589 3234 682 3299 verba
714 3235 817 3318 ὑπὲρ
850 3243 925 3318 τῆς
955 3233 1160 3317 πατρίδος
1194 3233 1293 3297 addit.

169 3334 268 3414 Quam
292 3336 329 3401 ob
352 3355 417 3401 rem
440 3336 683 3420 Wilannowitz⁸)
715 3338 946 3421 lexicograpbos
969 3337 1170 3402 Aristotelem
1192 3337 1295 3418 pleni-

169 3456 253 3502 orem
275 3439 397 3522 legisse,
422 3459 512 3523 quem
535 3459 590 3505 nos
609 3442 788 3506 mutilatum
806 3442 989 3523 accepimus,
1013 3441 1196 3523 suspicatur.
1236 3437 1293 3504 Cui

169 3541 339 3607 sentcntiae
370 3561 408 3607 ne
441 3543 629 3625 adstipuler,
665 3546 844 3627 praesertim
880 3564 916 3608 ea
946 3564 979 3609 re
1010 3544 1177 3625 impedior,
1211 3541 1292 3624 quod

169 3644 305 3727 uterque,
339 3664 409 3710 cnm
428 3645 539 3712 Pollux
561 3648 628 3712 tum
652 3649 759 3713 auctor
782 3648 880 3727 lexioi,
904 3649 979 3712 satis
1003 3647 1111 3712 multis
1134 3647 1209 3712 locis
1232 3663 1293 3710 non

73 3789 81 3803 .-
170 3767 288 3813 merum
311 3748 511 3815 Aristotelem
533 3750 668 3815 reddidit
690 3770 787 3833 neque
810 3751 876 3815 fieri
899 3752 1010 3834 potest,
1044 3751 1079 3814 ut
1110 3768 1230 3832 semper
1260 3751 1293 3813 in

170 3955 429 3966 ---————

275 4108 302 4172 1)
319 4107 336 4160 l.
356 4107 373 4161 l.
392 4107 411 4160 l.
430 4122 456 4175 p.
475 4109 533 4162 256.
553 4123 616 4162 ann.
637 4109 694 4162 149.
714 4123 739 4175 p.
760 4107 819 4162 257.

272 4194 298 4260 2)
318 4193 352 4247 cf.
372 4207 459 4261 snpra
477 4207 501 4261 p.
521 4193 573 4261 223.

272 4281 298 4347 3)
317 4280 333 4332 l.
352 4279 370 4332 l.
390 4278 408 4331 l.
434 4293 460 4346 p.
480 4280 538 4332 256.
557 4294 621 4333 ann.
645 4279 701 4332 149.
