2924 4928
714 357 752 419 17

167 560 273 642 Magn.
297 577 417 640 semper
440 577 476 623 ex
496 559 564 640 ipso
587 559 645 623 lex.
669 558 737 642 Seg.
760 559 798 624 V.
822 560 1032 642 descripsisse.
1077 560 1206 644 Saepius
1229 581 1288 627 non

166 665 225 728 hoc
246 663 362 727 lexicon
387 662 489 742 ipsum
512 661 566 726 sed
589 662 707 726 fontem
729 663 794 726 eius
817 664 849 727 in
872 663 1014 728 manibus
1036 664 1154 730 hahuit.
1200 664 1289 745 Quod

166 767 284 832 facturn
307 785 373 830 esse
395 764 518 831 videtur
548 767 580 830 in
603 766 729 831 vocibus
752 764 933 849 πρυτανεία,
968 767 1065 850 σανίς,
1098 766 1290 851 Ἑλληνοτα-

167 870 247 956 μίαι,
272 868 341 933 aliis
364 868 563 950 explicandis.

270 972 330 1037 Sed
360 972 409 1036 his
440 971 552 1055 glossis
575 971 772 1054 perlustratis
794 980 898 1037 tamen
921 973 1092 1055 permultae
1115 979 1289 1057 supersunt,

167 1094 245 1159 quae
269 1074 393 1140 aliunde
415 1075 567 1157 originem
589 1094 677 1139 suam
699 1075 834 1140 ducunt:
858 1095 894 1140 ex
916 1076 1168 1159 Harpocrationis
1191 1076 1291 1156 λέξεις

168 1187 230 1243 τῶν
246 1177 324 1242 δέκα
341 1177 492 1263 ρητόρων,
517 1197 609 1261 quem
624 1178 740 1244 librum
755 1198 813 1244 non
829 1180 937 1258 talem,
959 1180 1082 1262 qualern
1104 1181 1136 1244 in
1156 1180 1290 1246 editione

168 1281 368 1348 Dindorfiana
381 1281 526 1364 legimus,
549 1282 701 1362 adhibuit,
724 1283 780 1348 sed
798 1284 978 1348 mutilatum
1001 1285 1032 1348 et
1054 1284 1093 1348 ad
1116 1284 1288 1349 breviorem

167 1388 298 1452 formam
321 1385 491 1462 redactum,
523 1386 769 1465 auctoritatibus,
796 1406 872 1469 quas
894 1387 1129 1470 lexicographus
1152 1387 1289 1470 adscrip-

168 1492 268 1570 serat,
304 1489 368 1554 fere
405 1508 526 1571 semper
562 1490 698 1555 resectis.
765 1488 863 1569 Quem
901 1492 958 1555 viri
995 1488 1077 1556 docti
1114 1492 1288 1572 Harpocra-

167 1593 262 1659 tionis
292 1594 447 1674 epitomen
471 1593 628 1658 nominare
651 1593 760 1659 solent.
813 1595 884 1660 Jarn
908 1613 1001 1677 supra
1023 1614 1053 1676 p.
1082 1595 1120 1656 12
1148 1594 1208 1659 duo
1230 1594 1292 1658 loci

167 1697 400 1762 commemorati
432 1697 521 1773 sunt,
554 1715 684 1779 quorum
716 1697 794 1762 alter
825 1696 911 1781 (354.
934 1696 976 1760 32
999 1697 1181 1781 ἐπενεγκεῖν
1204 1695 1290 1780 δόρυ)

166 1801 261 1878 totus,
285 1799 363 1864 alter
384 1797 470 1882 (784.
488 1799 531 1862 40
553 1799 729 1884 ὑπωμοσία)
753 1799 867 1883 majore
889 1820 925 1864 ex
947 1803 1034 1883 parte
1057 1820 1093 1865 ex
1115 1799 1290 1882 Harpocra-

166 1903 261 1967 tionis
293 1902 428 1984 epitome
460 1901 557 1967 fluxit.
611 1904 669 1968 His
692 1922 771 1968 nunc
795 1904 872 1968 alios
895 1903 1008 1968 addere
1030 1905 1142 1970 liceat:
1172 1903 1223 1968 Et.
1247 1903 1290 1966 M.

167 2005 294 2070 34125
316 2006 349 2071 ἐν
372 2006 548 2089 ΦρεατοῖῙ)
573 2007 702 2070 34940
723 2005 890 2091 ἐξωμοσία.
916 2009 990 2071 355.
1008 2007 1050 2070 35
1083 2006 1291 2092 ἐπεσκήψατο

167 2110 239 2174 358.
265 2109 307 2171 56
329 2110 380 2172 ἐπὶ
403 2108 555 2193 Δελφινίῳ
568 2109 605 2188 ²).
636 2110 768 2174 35917
791 2109 941 2185 ἐπιδίετες
962 2110 1081 2197 ἡβῆσαι
1091 2109 1128 2194 ³).
1154 2109 1227 2174 359.
1247 2108 1289 2172 26

167 2213 350 2295 ἐπίδικοςἾ.
394 2211 468 2275 362.
493 2212 514 2274 9
536 2212 730 2299 ἐπιμελητὴς
752 2221 813 2277 τῶν
837 2212 1026 2299 μυστηρίων.
1073 2211 1145 2277 362.
1169 2215 1212 2276 54
1239 2211 1290 2274 ἐπὶ

167 2315 350 2401 πρυτανείῳ.
393 2315 466 2383 693.
490 2318 532 2380 53
554 2317 726 2401 πρυτάνεις.
763 2316 837 2381 733.
864 2317 901 2380 15
925 2315 1117 2402 σύγκλητος.
1157 2313 1291 2380 73122

168 2418 321 2505 σύμβολα.
368 2418 440 2484 763.
475 2421 491 2482 l
530 2419 759 2504 τριτοποίτορες.
806 2419 879 2485 788.
911 2419 954 2483 50
991 2419 1095 2502 φάσις.
1142 2419 1215 2483 795.
1250 2419 1291 2480 19

168 2520 264 2606 φιμοί.
311 2521 383 2586 799.
408 2519 451 2584 23
482 2521 643 2607 φράτορες.
689 2522 829 2588 80219
859 2520 1032 2606 φύλαρχος.
1080 2521 1172 2586 Ηυυυ
1194 2521 1291 2602 scrip·

167 2626 265 2691 torem
295 2625 344 2690 his
376 2625 517 2691 omnihus
549 2626 625 2691 locis
657 2626 847 2691 adverbum
881 2628 913 2689 in
946 2644 1022 2708 opus
1050 2644 1140 2690 suum
1162 2625 1287 2705 recepit,

168 2728 422 2810 explicationibus
448 2727 572 2793 tantum
602 2729 812 2810 grammaticis
844 2729 894 2793 vel
924 2726 1138 2812 etymologiois
1169 2746 1205 2791 ex
1227 2725 1288 2791 alio
1409 2811 1412 2817 1

168 2831 404 2896 armamentario
425 2831 604 2913 assumptis.

256 2928 378 3019 1lleqne
400 2933 490 2998 aliter
512 2953 543 2998 se
567 2935 672 3017 gessit,
704 2932 785 3016 quod
807 2934 846 2998 ad
869 2933 1017 2998 Photium
1045 2934 1165 3012 attinet,
1199 2952 1290 3016 quem

168 3037 351 3102 nominatim
365 3036 472 3101 laudat
483 3035 529 3119 ¹⁵):
552 3055 583 3117 p.
599 3037 672 3100 540.
682 3035 733 3115 24,
759 3035 832 3100 529.
842 3036 895 3115 55,
917 3037 990 3103 613.
1002 3037 1033 3115 6,
1057 3035 1130 3101 418.
1147 3036 1198 3100 55.
1234 3035 1290 3100 Se-

167 3260 424 3268 -—-—-.-——

271 3423 297 3482 1)
317 3415 382 3471 Cod.
402 3416 475 3470 Flor.
504 3415 545 3469 ed.
564 3413 654 3468 Miller
680 3429 706 3482 p.
728 3415 776 3469 115
802 3414 906 3468 librum
929 3413 1116 3481 Theophrasti
1139 3401 1165 3472 ξὶ
1191 3427 1242 3480 pro
1266 3399 1293 3471 ἦ

168 3507 297 3654 mndata]
318 3588 383 3643 Cod.
402 3589 476 3642 Flor.
500 3588 542 3641 ed.
562 3586 652 3641 Miller
677 3602 702 3654 p.
723 3586 773 3640 120
798 3588 864 3655 post
882 3582 948 3638 Σίνιν
975 3587 1052 3640 addit
1079 3585 1120 3636 καί
1147 3587 1199 3636 τῶν
1222 3581 1290 3635 Παλ-

167 3676 300 3828 λαντίδας).
317 3760 349 3814 ln
367 3760 426 3814 cod.
445 3760 519 3814 Flor.
541 3759 583 3812 ed.
602 3759 693 3812 Miller
720 3773 745 3826 p.
767 3760 816 3814 120
843 3760 917 3813 sicut
943 3759 1017 3827 apud
1033 3757 1286 3824 Harpocrationem

167 3846 272 3914 legitur
289 3845 540 3904 ὀκτωκαιδεκαετεῖς.

270 3933 299 3999 4)
318 3931 383 3986 Cod.
398 3931 471 3985 uror.
485 3932 527 3985 ed.
541 3932 632 3985 Miller
641 3948 666 4000 p.
681 3934 743 3986 120:
771 3929 890 3984 Λυσίαιον
908 3946 960 4000 pro
980 3928 1101 3998 Λνσνβιον
1119 3933 1166 3987 uel
1184 3927 1289 3986 Λυσίαν.

271 4017 296 4083 5)
316 4016 356 4071 Of.
366 4016 460 4070 Naher
468 4018 592 4085 prolegg.
602 4033 627 4085 p.
641 4019 696 4071 171.
709 4018 847 4081 Wentael,
857 4017 1048 4084 Sitnungsber.
1059 4019 1191 4074 derBerl.
1202 4020 1288 4074 Acad.

170 4103 236 4158 1895
253 4117 279 4169 p.
296 4103 348 4157 485
366 4105 523 4167 asseverat,
550 4118 647 4158 omnes
674 4104 727 4158 hos
752 4105 831 4158 locos
849 4118 906 4158 non
924 4104 960 4157 ad
977 4104 1154 4170 patriarchae
1171 4103 1286 4160 lexicon

168 4190 304 4255 spectare,
322 4189 373 4242 sed
389 4189 549 4256 fragmenta
566 4189 686 4243 aliorum
703 4189 840 4243 librorum
854 4189 1059 4243 Photianorum
1077 4191 1204 4258 dispersa
1217 4206 1288 4254 esso,

168 4274 256 4327 variis
273 4274 364 4328 modis
382 4275 411 4328 in
429 4275 472 4329 Et.
491 4275 525 4328 M.
544 4276 629 4330 illata.

1120 4384 1135 4436 2
