2924 4928
704 315 765 379 137

631 406 835 414 ———--

167 534 355 598 persuasum
376 516 483 593 habeo,
517 516 623 592 otiis,
654 518 707 599 qui
734 521 943 600 sequerentur,
975 523 1067 585 tenue
1098 522 1294 605 spicilegium

168 617 356 700 reliquisset.

273 723 498 806 Harpocration
522 724 627 788 utrum
651 743 685 788 ex
708 724 775 806 ipso
799 724 932 809 Didyme
956 745 993 789 an
1018 746 1033 791 e
1053 727 1217 810 Pamphilo
1241 728 1295 792 de·

169 827 316 892 rivandus
339 827 391 904 sit,
414 827 549 891 nondum
572 828 763 909 exploratum
789 830 845 893 est.
892 830 1015 912 Boysen
1029 831 1054 913 ¹)
1077 832 1109 894 in
1132 835 1215 896 certa
1237 833 1297 896 ali·

170 949 231 1013 qua
253 930 406 994 sententia
428 930 595 995 consistere
619 949 678 996 non
703 932 806 1013 potuit
827 932 932 1012 itaque
955 930 1202 999 dissertationem
1222 953 1294 1016 pro·

169 1034 265 1099 misso
288 1033 415 1109 claudit,
440 1052 472 1097 se
489 1033 550 1098 alio
573 1034 710 1115 tempore
733 1033 870 1098 adhaec
893 1033 997 1099 studia
1019 1036 1190 1100 rediturum
1213 1056 1292 1120 esse,

169 1136 263 1219 quod,
295 1137 445 1220 quantum
468 1136 610 1218 equidem
633 1137 704 1214 scio,
741 1139 878 1201 nondum
909 1139 1075 1220 praestitit.
1131 1138 1295 1221 Cchn²la

171 1239 304 1325 Didymo
328 1239 457 1321 pendere
480 1239 755 1320 Harpocraticnem
778 1240 862 1315 dicit,
887 1241 928 1316 ,ni
954 1241 1093 1306 fallitur.
1140 1242 1293 1307 Wilame-

168 1342 353 1423 uitzium³),
386 1342 436 1405 cui
467 1343 589 1424 praeter
620 1342 682 1406 alia
711 1343 812 1407 multa
837 1343 894 1408 hoc
917 1362 1037 1425 quoque
1060 1364 1192 1427 magnae
1215 1347 1293 1410 duco

169 1448 267 1527 laudi,
290 1448 371 1529 quod
393 1445 578 1511 reremedio
600 1446 632 1509 in
656 1446 766 1510 itinere
789 1447 941 1525 subsistit,
968 1448 1021 1512 sed
1045 1468 1295 1531 unamquamque

169 1571 236 1616 rem
257 1551 432 1616 incohatam
457 1568 552 1631 usque
575 1549 614 1613 ad
637 1551 804 1614 extremam
827 1550 950 1627 lineam,
979 1569 1208 1634 nonnumquam
1231 1554 1293 1617 for·

169 1656 253 1720 tasse
276 1653 381 1738 μεῖζον
403 1653 424 1736 ἢ
449 1650 527 1715 καθ’
549 1651 730 1736 ἄνθρωπον,
763 1652 967 1735 persequitur,
1001 1653 1038 1717 de
1063 1654 1122 1718 hac
1144 1674 1186 1733 re,
1219 1657 1293 1739 quid

170 1758 308 1835 sentiret,
332 1756 490 1838 aperuisse
514 1757 627 1820 nescio.
666 1755 774 1837 Neque
796 1775 853 1839 ego
876 1757 960 1821 brevi
982 1775 1076 1820 manu
1098 1757 1177 1822 hane
1199 1776 1292 1840 quae-

168 1862 300 1927 stionem
333 1861 505 1924 contortam
538 1858 707 1941 dijudicare
738 1859 846 1924 audeo.
900 1861 944 1924 At
977 1861 1181 1926 consideranti
1216 1863 1293 1926 mihi

173 1963 417 2028 observationem
440 1962 531 2027 Rosci
543 1960 579 2045 ⁴),
611 1962 864 2026 consuetudinem
888 1981 954 2027 esse
977 1963 1057 2045 apud
1081 1965 1199 2029 veteres
1221 1965 1292 2030 inde

168 2067 302 2148 aprime
315 2084 344 2146 p.
363 2063 433 2130 Chr.
450 2084 476 2130 s.
491 2065 553 2129 late
572 2067 738 2146 patentem,
762 2067 806 2143 ut,
823 2085 882 2148 quo
901 2067 1049 2149 scriptore
1072 2069 1160 2149 quasi
1181 2068 1292 2133 funda-

169 2170 273 2236 mento
296 2169 396 2233 omnis
419 2187 511 2250 opera
532 2170 742 2250 superstructa
773 2169 823 2246 sit,
859 2169 940 2233 hune
971 2171 1022 2234 vix
1043 2171 1092 2235 vel
1114 2191 1183 2236 raro
1207 2192 1292 2238 corn-

168 2274 347 2348 memorent,
371 2271 564 2335 verissimam
588 2290 664 2347 esse,
688 2270 858 2353 Didymum
874 2274 978 2336 autem
995 2275 1034 2338 ah
1051 2273 1292 2356 Harpocraticne

168 2378 353 2460 plusquam
376 2375 481 2439 tricies
504 2373 616 2438 testem
640 2375 770 2438 allatum
793 2393 869 2451 esse,
902 2375 981 2439 nihil
1014 2375 1070 2452 est,
1097 2395 1151 2441 cur
1171 2377 1290 2442 hunce

168 2499 262 2564 grege
284 2478 461 2560 aequalium
484 2478 625 2541 eximam.
671 2477 812 2541 Fortasse
837 2497 873 2541 ea
896 2496 1024 2561 quoque,
1048 2497 1126 2560 quae
1145 2481 1290 2561 saprade

167 2584 251 2648 fonte
274 2581 528 2663 Harpocrationis
550 2600 651 2645 rerum
675 2580 812 2645 ordinem
835 2582 940 2647 secuto
963 2583 1097 2663 exposui,
1125 2582 1290 2649 dummodo

167 2705 205 2750 ne
227 2685 383 2762 corruant,
415 2682 558 2758 efficient,
590 2685 625 2747 ut
652 2684 747 2746 animi
779 2684 875 2748 nostri
899 2683 938 2747 ad
963 2683 1161 2765 Pamphilum
1185 2704 1217 2748 se
1240 2685 1290 2748 in·

166 2788 292 2864 clinent,
326 2785 500 2867 aDidymo
531 2804 563 2849 se
586 2785 736 2849 avertant.
781 2784 866 2864 erae
900 2787 1066 2867 utcumque
1100 2805 1132 2850 se
1162 2787 1287 2866 habent,

166 2890 199 2955 id
222 2892 300 2955 mihi
322 2891 441 2954 certum
463 2908 529 2953 esse
551 2889 682 2965 videtur,
717 2907 794 2969 opus
819 2889 1037 2971 Pamphileum
1068 2892 1167 2956 multo
1191 2893 1289 2957 rarius

167 2995 280 3059 diserte
303 2992 464 3058 laudatum
489 3011 581 3073 quarn
605 2991 791 3073 explicatum
814 2993 927 3074 esse⁵).

270 3096 330 3160 Sed
353 3114 422 3160 curn
443 3096 510 3179 Jam
533 3095 687 3158 adfinem
711 3096 936 3177 quaestionum,
971 3115 1048 3178 quas
1082 3096 1157 3160 mihi
1180 3096 1208 3161 si
1231 3115 1289 3160 non

165 3198 393 3281 disceptandas,
403 3202 435 3262 at
450 3199 560 3262 saltem
576 3197 779 3262 instituendas
797 3200 948 3279 proposui,
966 3199 1166 3279 pervenerim,
1180 3199 1289 3277 restat,

166 3305 202 3368 ut
223 3303 312 3385 quasi
336 3321 488 3366 summam
512 3302 607 3367 totius
630 3303 744 3367 laboris
768 3303 946 3366 subducem.

269 3407 454 3471 Aristotelea
487 3408 515 3469 in
550 3409 645 3470 altera
678 3407 772 3470 libelli
797 3406 836 3471 de
861 3407 1029 3489 Republica
1057 3405 1289 3471 Atheniensium

167 3515 256 3594 parte
279 3513 356 3593 ipsis
380 3512 500 3592 legibue
521 3509 657 3574 nondum
673 3511 712 3574 ab
736 3512 799 3574 ullo
822 3513 978 3593 scriptore
1002 3529 1059 3593 per
1082 3513 1200 3575 litterae
1222 3509 1290 3574 edi·

273 3733 298 3803 1)
316 3736 360 3790 De
377 3737 540 3803 Harpocrat.
560 3737 626 3790 font.
646 3750 670 3802 p.
688 3737 731 3788 83.

269 3823 298 3888 2)
316 3823 398 3877 thh.
417 3823 434 3875 f.
453 3823 524 3876 Phil.
560 3822 717 3890 suppl-Bc.
739 3822 799 3875 Xll.
817 3837 843 3887 p.
861 3821 921 3876 325.

268 3905 296 3975 3)
314 3908 462 3974 Euripides
480 3908 618 3962 Herakles
641 3908 660 3961 l.
683 3922 707 3974 p.
728 3907 778 3960 158
796 3908 825 3960 in
843 3908 1007 3961 universum
1029 3909 1139 3961 tantum
1161 3906 1290 3974 jndieat:

168 3993 246 4056 „Von
259 3994 358 4047 seinen
371 3994 420 4062 (se.
433 3994 558 4062 Didymi)
576 3994 710 4047 Arbeiten
728 3994 798 4047 iiber
816 3994 861 4047 die
878 3993 990 4047 Redner
1007 3993 1083 4047 steht
1101 3993 1179 4047 nieht
1196 3995 1291 4060 wenig

167 4078 212 4132 bei
229 4078 459 4146 Harpocration.“

268 4166 297 4232 4)
315 4165 430 4218 Aristot.
449 4166 627 4233 pseudepigr.
646 4179 671 4231 p.
690 4164 749 4218 426.

268 4251 294 4317 5)
314 4251 347 4304 cf.
367 4250 446 4305 (lehn
464 4252 482 4304 l.
501 4251 519 4305 l.
537 4266 563 4319 p.
582 4252 640 4306 340.
