2924 4928
715 377 758 441 85

169 583 265 649 verba
296 581 461 647 facientem
495 585 526 647 et
556 581 692 647 conferas
719 582 839 663 glossas
864 580 969 647 Photii
993 601 1017 646 s.
1040 602 1070 647 v.
1092 582 1235 646 πινάκιον
1260 611 1299 640 =

169 685 228 750 lex.
262 684 334 767 Seg.
371 684 404 748 V.
435 683 552 752 299.3
585 712 625 740 =
656 685 717 749 ler.
748 682 836 749 Cant.
868 703 893 749 s.
924 704 954 749 v.
976 683 1130 767 πινάκιον,
1163 684 1297 768 Hesyeh.

170 807 194 852 s.
218 808 247 853 v.
272 786 418 873 χαλκοῦν
440 787 597 869 πινάκιον,
622 788 753 853 Zonaras
778 786 861 850 1843
884 815 924 844 .-.
948 787 997 852 llt.
1021 787 1101 852 l'lor.
1126 788 1173 852 ed.
1194 787 1298 853 Miller

170 891 243 955 mel.
267 891 306 954 de
329 891 362 956 la
384 889 447 956 litt.
470 911 518 975 gr.
542 910 572 973 p.
595 889 825 955 straneas.
872 890 960 954 Idem
982 889 1175 955 observabis:
1199 892 1297 955 oratio

168 992 347 1075 philosophi
370 993 408 1058 ab
432 993 575 1058 omnibus
598 994 706 1058 eodem
728 993 790 1056 tere
812 992 902 1057 modo
921 993 1050 1070 recocta,
1075 992 1110 1056 ut
1125 992 1171 1056 ita
1185 990 1296 1070 dicam,

169 1096 259 1161 nobis
283 1095 422 1161 offertur.
466 1094 527 1161 Sed
559 1097 725 1161 secundum
758 1095 958 1159 Aristotelem
989 1094 1155 1160 tabellulae
1182 1095 1297 1162 buxeae

169 1199 267 1277 erant,
300 1217 320 1263 a
350 1198 576 1284 lexicographis
608 1197 750 1263 omnibus
782 1216 878 1279 usque
910 1198 949 1262 ad
981 1216 1076 1262 unum
1098 1197 1239 1263 additur:
1273 1199 1295 1282 ἢ

168 1300 368 1385 χαλκοῦν
400 1301 451 1366 vel
483 1300 593 1365 simile.
639 1299 728 1366 Unde
760 1299 843 1364 idem
866 1298 1087 1378 concludimus
1122 1299 1204 1382 quod
1230 1301 1297 1382 jam

169 1401 294 1484 saepius
317 1402 480 1468 adnotavi:
520 1402 722 1468 Aristotelem
744 1400 783 1466 ab
806 1401 860 1466 illo
883 1401 1000 1466 incerto
1023 1403 1146 1466 auctore
1170 1402 1294 1466 auctum

169 1506 202 1570 et
225 1504 452 1588 amplificatum
475 1505 590 1589 etjam
613 1506 644 1569 in
669 1503 793 1588 singula
815 1503 954 1568 membra
976 1503 1140 1568 discissum
1166 1503 1296 1584 postoris

169 1608 324 1673 traditum
348 1627 414 1674 esse
428 1608 464 1692 ¹).
509 1609 597 1674 Certe
620 1608 689 1673 fieri
718 1607 828 1690 potest,
861 1608 896 1673 ut
926 1626 1004 1672 unus
1035 1607 1150 1670 alterve
1181 1624 1217 1669 ex
1247 1606 1296 1670 his

167 1711 346 1794 glossarum
376 1712 486 1777 scribis
520 1713 678 1777 interdum
701 1712 802 1776 tontes
820 1709 886 1792 jam
909 1710 1062 1774 derivatos
1085 1709 1294 1791 anquisiverit.

168 1813 269 1892 (iared,
293 1816 444 1897 quantum
467 1815 565 1897 potui,
590 1834 712 1898 semper
733 1813 869 1878 indicare
892 1832 951 1878 nou
974 1813 1088 1878 oblitus
1112 1831 1190 1877 sum.
1236 1811 1295 1876 Sed

168 1919 316 1982 omnibus
348 1917 426 1982 locis
457 1936 568 1983 omnes
602 1937 637 1983 er
667 1935 727 1982 uno
755 1917 901 1998 scriptore
925 1916 1009 1980 uobis
1033 1916 1198 1998 superstite
1220 1915 1295 1980 heu-

167 2021 246 2085 sisse
278 2020 442 2102 quominus
476 2021 629 2102 putemus,
660 2020 726 2103 jam
748 2019 881 2084 varietas
904 2019 1097 2102 singularum
1119 2018 1295 2101 glossarum

168 2143 224 2189 nos
246 2124 403 2208 prohibet.

339 2377 374 2463 9)
413 2381 442 2442 iu
467 2380 584 2461 plessis
607 2376 825 2463 βακτηρία
848 2383 879 2440 et
902 2377 1128 2463 σύμβαλον.

272 2567 425 2649 Persaepe
459 2565 581 2644 accidit,
614 2566 649 2629 ut
678 2565 731 2629 ille
760 2565 898 2628 omnium
919 2563 1202 2648 lexicographornm
1225 2565 1293 2628 fons

167 2669 244 2733 nihil
270 2668 407 2747 haberet,
440 2668 522 2750 quod
553 2666 632 2732 fonti
662 2684 718 2732 suo
749 2665 883 2743 adderet,
916 2667 1020 2748 itaque
1043 2665 1204 2731 contentus
1227 2668 1294 2730 erat
1371 2753 1373 2757 Ι

166 2772 271 2837 verbis
303 2772 335 2835 iu
366 2772 504 2854 glossam
530 2769 710 2847 formandis,
741 2769 827 2833 velut
856 2769 887 2833 in
918 2770 1043 2834 vocibus
1075 2768 1231 2856 βακτηρία
1263 2772 1294 2834 et

167 2873 337 2960 σύμβαλον,
372 2893 448 2956 quas
480 2873 660 2957 conjunctas
692 2873 723 2937 et
755 2872 926 2937 contractas
958 2873 1040 2955 apud
1061 2873 1118 2937 ler.
1143 2872 1214 2954 Seg.
1238 2872 1292 2934 IV.

171 2976 240 3040 185.
267 2977 287 3039 4
309 2979 340 3041 et
364 2977 449 3042 Suid.
472 2997 496 3042 s.
520 2997 549 3042 v.
572 2973 729 3062 βακτηρία
751 2977 807 3037 καὶ
830 2975 983 3061 σύμβολον
1005 2976 1191 3053 invenimus,
1229 2975 1293 3039 dis·

163 3079 289 3162 junctas
322 3079 353 3144 et
381 3079 486 3161 paullo
509 3077 663 3161 pleniores
686 3078 773 3142 illam
796 3076 952 3163 βακτηρία
975 3080 1056 3160 apud
1079 3079 1137 3142 lex.
1161 3079 1231 3161 Seg.
1255 3079 1291 3142 V.

168 3180 242 3244 220.
270 3180 310 3243 17
333 3182 365 3246 et
387 3180 483 3246 schol.
507 3182 602 3245 Arist.
626 3181 718 3261 Vesp.
744 3180 888 3261 111031),
920 3181 999 3244 hanc
1031 3180 1185 3267 σύμβολον
1211 3181 1294 3262 apud

167 3283 261 3348 Phot.
285 3302 310 3348 s.
332 3303 362 3348 v.
387 3283 543 3370 capitoleo
566 3284 608 3367 gl.
634 3284 651 3345 1
676 3311 716 3339 =
740 3282 1006 3347 1111173416.
1030 3311 1069 3338 =
1094 3283 1180 3348 Suid.
1203 3283 1245 3366 gl.
1266 3285 1291 3361 1,

167 3389 221 3470 qui
253 3386 341 3451 addit
371 3389 456 3472 ἦσαν
486 3387 520 3450 δὲ
549 3390 603 3451 τὸν
625 3372 758 3471 ἀριθμὸιι
781 3387 842 3448 ἀπὸ
867 3395 921 3449 τοῦ
944 3407 964 3449 α
987 3387 1045 3461 ἕως
1067 3408 1106 3464 κ;
1139 3387 1197 3450 lex.
1220 3385 1291 3469 Sag.

166 3490 205 3554 V.
228 3489 302 3554 301.
338 3491 384 3568 l.;
422 3491 556 3574 Hesych.
588 3511 612 3555 s.
643 3509 671 3554 v.
704 3488 870 3575 capitoleo.
917 3490 1003 3554 Varii
1034 3490 1195 3572 scriptores
1227 3492 1292 3552 tam

164 3594 301 3660 fideliter
323 3594 471 3660 lectiones
495 3595 587 3659 tontis
611 3594 748 3676 primarii
772 3593 977 3672 servaverunt,
1007 3599 1042 3658 ut
1064 3613 1099 3656 er
1123 3594 1169 3658 his
1193 3593 1291 3657 denuo

275 3939 298 4004 l)
317 3938 344 3991 S.
363 3938 467 4001 Brnck,
495 3937 632 4006 Philolog.
651 3940 692 3994 52.
724 3937 796 3993 1893.
824 3953 849 4006 p.
868 3937 918 3993 299
945 3940 1065 3994 tabellas
1093 3944 1196 3995 aeneas
1224 3940 1291 3994 aute

165 4023 277 4090 ligneas
295 4025 326 4078 in
344 4038 398 4078 usu
416 4024 505 4078 fuisse
522 4025 661 4092 probavit.
697 4024 819 4079 Kaibelii
836 4026 1032 4092 interpretatio
1060 4025 1125 4090 (Stil
1143 4026 1200 4081 und
1218 4027 1291 4080 'text

165 4123 192 4176 p.
212 4110 272 4163 254.
293 4124 357 4164 ann.
379 4111 411 4176 1.)
429 4110 499 4164 milri
517 4125 574 4164 non
595 4112 744 4178 persuasit.

270 4211 298 4278 2)
317 4211 409 4266 Schol.
429 4212 506 4266 dunt.
525 4211 571 4265 Ar.
590 4212 663 4266 Plut.
681 4213 740 4266 277.
759 4213 810 4266 218
836 4214 929 4280 ipsum
948 4214 1129 4269 Aristotelem
1156 4217 1233 4284 legit,
1257 4217 1290 4271 cf.

165 4297 359 4352 Wilomowita
376 4299 394 4352 l.
413 4298 430 4351 1.
450 4299 469 4351 l.
488 4312 514 4365 p.
532 4296 591 4351 294.
