2924 4928
724 334 768 398 93

184 535 292 621 Φρεάτ
315 585 323 600 .
347 585 386 601 ..
418 538 450 600 31
480 537 512 613 ἐς
542 537 709 622 Φρεάτου,
747 536 840 604 Phot.
870 558 895 604 s.
927 559 956 604 v.
988 539 1020 616 ἐς
1050 538 1210 624 operes,
1247 538 1309 603 lex.

184 638 255 722 Seg.
279 639 316 703 V.
339 638 412 703 251.
436 640 456 703 7
479 639 571 704 nimis
593 640 854 705 1333131131331.

289 741 375 807 Sicut
405 742 480 807 haec
510 743 614 807 omnia
644 742 759 825 optime
792 743 945 824 quadrant
976 743 1015 807 ad
1046 742 1136 821 illud,
1170 742 1254 826 qnod
1277 743 1309 807 in

183 846 292 911 ceteris
325 845 438 929 glossis
474 845 716 924 observavimus,
752 846 798 909 ita
835 845 942 910 eadem
978 846 1102 924 indicia,
1140 864 1220 928 quae
1259 865 1310 909 me

182 968 274 1031 supra
291 948 316 1032 ¹)
348 949 590 1026 commoverunt,
626 950 661 1012 ut
692 948 831 1031 singulas
867 947 904 1011 de
936 947 1067 1031 singulis
1105 945 1308 1013 archontibus

180 1052 311 1134 glossas,
333 1052 406 1133 3313
420 1053 523 1134 partes
539 1051 662 1116 tanturn
683 1050 805 1133 glossae
827 1049 1009 1132 antiquioris
1025 1069 1091 1114 csse
1107 1050 1305 1127 ridebantur,

182 1154 221 1218 ad
243 1155 360 1219 fontem
383 1154 551 1238 pleniorem
574 1155 714 1232 13131331,
739 1154 866 1218 exiliora
889 1153 1024 1235 quidem,
1048 1153 1081 1217 iu
1102 1153 1161 1219 hac
1183 1172 1307 1236 330333

179 1258 353 1342 glossamm
384 1257 463 1323 serie
489 1257 650 1339 patefiunt.
696 1259 753 1336 lta,
785 1259 821 1322 ut
852 1257 918 1322 illic
940 1257 1062 1337 glossae
1093 1258 1235 1341 singulae
1268 1257 1306 1322 de

180 1361 386 1438 archontibus,
417 1379 498 1444 rege,
529 1380 690 1445 eponymo,
724 1361 920 1444 polemarcho
952 1360 1139 1442 incipiebant
1160 1379 1180 1425 a
1201 1360 1306 1426 verbis

178 1465 241 1539 εῐς
271 1470 350 1528 τῶν
380 1464 503 1529 ἐννέα
536 1464 776 1550 ἀρχόντων,
810 1464 909 1546 prima
939 1465 1012 1529 sunt
1034 1464 1127 1528 rerba
1148 1464 1208 1528 lex.
1233 1463 1304 1546 Sag.

178 1566 300 1631 V.255.
314 1568 353 1631 19
375 1569 427 1631 ἐπὶ
449 1568 601 1654 Δελφινίῳ
619 1590 625 1603 ·
642 1567 843 1652 δικαστήριον
865 1567 908 1631 ἓν
930 1575 1009 1630 τῶν
1031 1574 1235 1650 φονικῶν,
1261 1566 1304 1631 11.

178 1690 207 1751 p.
224 1669 329 1733 2517
353 1669 387 1734 ἐν
410 1671 586 1755 Φρεαττοῖ·
604 1669 805 1754 δικαστήριόν
827 1670 894 1733 ἐστι
918 1671 991 1733 καὶ
1012 1679 1136 1733 τοῦτο
1159 1668 1301 1752 φονικὸν,

177 1773 276 1854 Harp.
308 1793 333 1837 s.
364 1794 394 1838 v.
425 1773 477 1837 ἐπὶ
506 1772 687 1858 Πρυτανείῳ
704 1793 710 1808 ·
727 1772 928 1857 δικαστήριόν
962 1773 1028 1836 ἐστι
1065 1774 1136 1836 καὶ
1173 1781 1303 1835 τοῦτο

178 1874 315 1958 φονικὸν.
362 1875 446 1956 Quae
470 1897 528 1941 non
552 1877 693 1960 intellegi
715 1875 854 1958 possunt,
888 1876 947 1940 nisi
970 1875 1248 1957 Harpocrationcm
1270 1877 1304 1940 31

178 1979 333 2043 auctorem
354 1978 414 2043 lex.
437 1978 559 2061 SegV
590 1998 646 2043 sua
677 1998 828 2060 quemquo
860 1999 876 2042 e
908 1978 1045 2060 pleniore
1076 1977 1188 2061 glossa,
1222 1997 1302 2061 3333

178 2082 280 2146 031313
307 2081 425 2164 judicia
456 2083 748 2164 comprehendisset,
785 2083 924 2148 hausisse
961 2083 1136 2148 statuimus.
1190 2081 1301 2164 Neque

177 2184 293 2262 dubito,
331 2186 416 2267 quin,
453 2205 523 2250 cum
557 2185 654 2250 altera
684 2188 857 2252 observatio
888 2187 1017 2251 alteram
1048 2186 1182 2264 tueatur,
1222 2185 1301 2249 satis

177 2289 258 2354 certe
281 2289 524 2356 demonstratum
547 2291 597 2369 sit,
620 2291 746 2372 plenum
769 2291 848 2355 illud
863 2291 980 2355 lexicon
995 2290 1191 2366 rhetoricum,
1217 2288 1301 2371 quod

171 2394 237 2477 jam
261 2396 382 2476 saepius
413 2395 448 2460 ut
469 2413 751 2469 commemorarem,
783 2394 859 2458 mihi
891 2393 1032 2475 contigit,
1068 2393 1165 2457 ctiam
1195 2393 1302 2456 omnia

172 2497 289 2580 judicia
311 2499 514 2564 Atheniensia
544 2499 608 2563 sive
640 2498 696 2562 sub
727 2497 820 2561 titulo
851 2496 1039 2582 δικαστήρια
1067 2496 1132 2562 3133
1155 2495 1212 2560 331
1235 2495 1299 2560 3110

175 2620 502 2789 οοηῃ6111131313031313
525 2705 584 2770 103
606 2705 719 2788 capite,
752 2703 903 2786 quatenus
926 2702 1094 2768 auctoritas
1116 2701 1299 2767 Aristotelis

173 2809 255 2888 apud
278 2810 426 2890 posteros,
450 2808 531 2890 quod
555 2809 594 2872 ad
618 2808 749 2872 alteram
773 2807 845 2871 libri
870 2806 908 2870 de
933 2805 1105 2887 Republica
1123 2803 1298 2870 Athenien-

172 2913 253 2976 sium
265 2913 384 2992 partem
395 2911 517 2989 attinet,
532 2911 724 2994 pertinuerit,
744 2910 901 2974 illustrare
918 2910 1088 2983 studemus,
1105 2927 1165 2973 uon
1181 2909 1213 2972 in
1231 2908 1298 2972 illis

171 3014 262 3078 rebus
286 3016 476 3095 acquiescere
503 3033 676 3096 possumus,
708 3015 788 3080 unde
820 3014 992 3079 communis
1020 3012 1157 3078 omnium
1179 3012 1297 3076 lexico-

171 3116 357 3199 graphornm
380 3117 448 3181 fons
470 3137 489 3182 3
511 3119 599 3183 30113
621 3118 795 3200 3031313133
818 3120 973 3201 appareat.
1021 3115 1083 3182 Par
1100 3133 1296 3197 3333313333

170 3221 217 3285 331
247 3220 342 3285 ctiam
375 3241 411 3286 ea
441 3222 594 3306 colligere,
628 3241 706 3304 3333
738 3222 869 3305 singulis
900 3222 932 3285 in
963 3219 1069 3285 lexicis
1101 3218 1240 3300 dispersa
1263 3219 1296 3281 31

170 3323 298 3407 disjecta
319 3325 428 3401 latent,
451 3345 510 3407 333
533 3327 565 3389 13
587 3345 620 3390 13
643 3327 700 3391 103
722 3327 843 3391 tantum
867 3323 994 3390 concedi
1013 3323 1093 3401 volo,
1117 3321 1183 3388 fieri
1199 3321 1294 3404 potu·

168 3427 239 3504 isse,
262 3427 376 3492 31133
399 3447 517 3510 330333
539 3429 660 3511 glossae
683 3429 756 3492 olim
780 3429 884 3511 partes
906 3427 1054 3511 plenioris
1070 3426 1160 3491 lerici
1177 3424 1294 3490 essent.

331 3670 377 3751 rn)
415 3669 444 3732 in
467 3671 583 3750 3103313
606 3668 840 3733 ἐπιστάται
864 3675 896 3735 31
917 3669 1130 3756 πρόεδροι.

267 3841 376 3906 Placet
398 3842 501 3906 autem
524 3861 542 3905 3
565 3841 758 3923 praesidibus
782 3844 947 3925 prytanum
970 3843 1114 3927 incipere,
1147 3846 1291 3927 331313-

164 3942 253 4024 pides
275 3942 453 4007 firmissima
478 3943 678 4009 [3313133313
700 3945 868 4026 posuerunt
890 3945 945 4025 ita,
969 3947 1005 4010 ut
1020 3945 1185 4013 discrimen
1208 3949 1292 4014 inter

267 4270 292 4334 1)
310 4283 335 4336 p.
357 4269 396 4323 75.
