2924 4928
701 346 763 411 109

166 554 288 637 syllaba
312 554 342 617 in
367 552 447 617 libro
471 553 578 616 octavo
602 553 890 628 commemorantur,
918 549 1101 614 Aristoteles
1125 550 1229 613 autem
1252 549 1293 624 et,

166 660 219 740 qui
250 656 440 722 Aristotelea
470 654 596 720 reddere
628 655 736 731 solent,
771 655 877 737 Harp.,
909 654 966 718 lex.
997 653 1067 736 Seg.
1093 653 1130 736 V,
1161 653 1295 717 Photins

167 777 272 825 eorum
305 776 365 822 non
398 759 470 822 sunt
501 757 599 822 obliti.
654 756 734 837 Quid
765 755 953 841 ἐπιμεληταὶ
985 753 1132 840 ἐμπορίου
1160 754 1293 819 admini-

166 862 342 939 straverint,
381 880 417 925 ex
448 859 575 925 Aristcl.
609 861 661 922 51.
694 862 714 922 4
751 860 818 942 ipsc
850 860 947 942 Harp.
981 877 1005 922 s.
1037 877 1067 923 v.
1099 856 1293 942 ἐπιμελητὴς

167 963 316 1049 ἐμπορίου
341 991 380 1020 =
404 963 489 1028 said.
515 983 539 1028 s.
563 982 591 1026 v.
624 962 817 1048 ἐπιμελητὰς
848 959 995 1046 ἐμπορίου
1029 961 1068 1025 ad
1090 962 1218 1025 verbum
1240 979 1293 1025 ex-

168 1068 303 1150 scripsit.
350 1066 435 1130 ldem
458 1066 629 1148 paullisper
651 1067 774 1130 tantum
796 1065 925 1147 mutatis
948 1064 1049 1128 verbis
1073 1082 1122 1145 ap.
1145 1063 1203 1126 lex.
1220 1063 1289 1144 Seg.

167 1171 205 1234 V.
230 1169 303 1234 255.
327 1168 369 1232 22
393 1196 433 1226 =
457 1169 542 1234 scil.
566 1188 590 1234 s.
613 1189 641 1234 v.
666 1166 855 1254 ἐπιμεληταί
878 1168 920 1252 gl.
944 1166 964 1229 2
986 1167 1130 1250 legimns.
1176 1165 1224 1230 at.
1248 1164 1292 1228 tl.

168 1273 243 1337 361.
265 1272 307 1336 56
331 1273 521 1338 contaminat
551 1273 611 1337 lex.
635 1272 706 1355 Seg.
731 1273 771 1336 V.
795 1290 864 1338 cum
888 1271 984 1352 Harp.
1030 1269 1123 1352 Apud
1146 1267 1293 1333 Phctium

169 1378 244 1440 haec
267 1377 370 1458 glossa
393 1377 474 1441 sicut
496 1375 664 1461 ἀστυνόμοι
694 1376 726 1439 in
749 1394 864 1458 magna
886 1375 997 1440 lacuna
1019 1374 1091 1455 post
1118 1369 1293 1454 ἀδιάκριτος

170 1482 201 1544 et
224 1481 294 1544 ante
318 1478 473 1563 ἐπώνυμοι
504 1479 609 1544 hiante
640 1478 806 1544 intercidit.
850 1478 1011 1544 iacturam
1034 1476 1155 1560 glossae
1179 1474 1294 1557 ἀγορα-

170 1582 265 1668 νόμοιΙ
288 1584 318 1647 in
352 1583 457 1648 ecdem
488 1583 585 1648 lexico
610 1582 748 1648 dolemus
771 1583 896 1665 propter
919 1580 1053 1646 similem
1075 1579 1218 1642 lacunam
1242 1595 1292 1641 cc-

170 1686 248 1749 ‹licis
264 1685 394 1750 Galeani
417 1704 436 1749 a
457 1687 549 1750 verbo
573 1686 669 1748 ἀάσαι
691 1684 888 1766 incipientem
912 1684 943 1748 et
964 1681 1003 1746 ad
1020 1700 1125 1747 vocem
1147 1678 1295 1763 ἀγχίνοια

169 1789 385 1870 pertinentem.
424 1789 449 1852 Ε
465 1789 585 1854 mendis
601 1787 852 1870 Harpocrationis
869 1784 996 1849 ἀττικόν
1018 1784 1050 1849 et
1070 1784 1162 1848 lexici
1178 1783 1292 1865 Segne-

168 1891 248 1955 riani
270 1890 299 1952 V
322 1890 489 1975 ctcrratv¹l
521 1893 627 1956 utrum
657 1892 742 1973 prius
774 1890 932 1972 irrepserit
962 1888 1041 1953 illud
1069 1885 1209 1968 ἀττικὸν,
1244 1885 1293 1949 cni

169 1990 288 2078 [Demi
312 1992 364 2057 31.
388 1992 488 2076 sciar
511 2013 618 2058 ansam
643 1994 715 2059 dare
738 1993 849 2075 potuit,
885 2012 923 2057 an
956 1994 1013 2058 lroc
1036 1990 1179 2072 ἀστικόν,
1213 1988 1292 2052 unde

170 2093 228 2158 lex.
253 2093 321 2178 Sag.
337 2093 375 2158 V.
391 2095 463 2160 208.
484 2094 526 2158 25
542 2123 581 2152 --
597 2097 654 2163 lex.
677 2096 731 2162 Vl.
756 2095 829 2160 456.
852 2094 873 2157 3
896 2097 928 2160 ct
950 2095 1009 2160 lex.
1033 2095 1104 2176 Sag.
1128 2094 1165 2157 V.
1182 2090 1293 2155 2845

170 2195 334 2261 discrimen
358 2200 438 2262 inter
460 2199 567 2281 portus
590 2199 714 2264 civilem
746 2200 778 2263 et
810 2199 1007 2282 peregrinum
1039 2197 1188 2262 ementita
1210 2197 1293 2270 sunt,

171 2299 283 2363 dubius
317 2318 394 2364 sum.
449 2301 494 2378 si,
514 2303 660 2367 erationis
692 2301 1056 2384 pseudodemcsthenicee
1085 2319 1174 2365 causa
1200 2299 1298 2363 verba=

171 2402 350 2467 Aristotelis
382 2406 524 2486 corrupta
546 2423 613 2471 csse
636 2406 812 2483 statuimus,
848 2405 969 2469 facilius
992 2404 1123 2468 tortasse
1146 2401 1292 2483 explicari

170 2506 270 2586 possit
302 2508 476 2589 ccrmuptela
507 2507 649 2591 ἀστικόν,
683 2528 775 2591 qnam
807 2508 833 2572 si
860 2527 894 2573 ex
925 2508 992 2590 ipsc
1016 2504 1184 2570 Aristotele
1215 2502 1296 2567 deri-

170 2627 290 2673 nemus.

226 2830 480 2896 catarracte.
555 2832 651 2912 tlarp.
682 2849 710 2896 s.
744 2851 773 2896 v.
808 2828 1296 2913 eappa-ttexcepvacsaa

592 2915 694 3000 λητὴς
717 2915 875 3000 ἐμπορίου.

172 3066 321 3154 ἐμπορίου
343 3067 369 3130 δ’
384 3067 535 3155 ἐπιμελη-
555 3067 723 3154 Δείναρχος
746 3069 777 3132 ἐν
794 3076 838 3152 τῷ
855 3088 913 3130 κα·
934 3065 1291 3153 ἐπιμεληταίέμπορίου·

173 3173 228 3247 τὰς
267 3170 307 3234 10
338 3171 531 3258 κληροῦσιν·
555 3170 747 3236 τάΠυθέου.
772 3115 921 3254 Ἀριστο-ί
934 3172 1084 3255 ἄρχοντες
1110 3172 1193 3255 ἦσαν
1216 3171 1295 3256 κλη-

173 3273 292 3350 τοὺτοις
333 3273 367 3337 δὲ
410 3260 541 3415 apocri-⁴
555 3275 650 3360 τέλης
668 3272 834 3358 ,ἐμπορίου
850 3271 876 3335 δ’
884 3273 914 3335 ἐ·
934 3272 1036 3356 ρυτοί,
1066 3271 1107 3336 10
1130 3276 1182 3336 τὸν
1205 3273 1293 3356 ἀριθ-

173 3397 288 3440 τοικται
326 3385 388 3441 τῶν
422 3375 449 3439 τ’
481 3378 535 3463 ἐμ·
555 3375 914 3461 πιμελητάςίθκληροῠ-
934 3374 1002 3459 μον,
1036 3373 1175 3438 ἑκάστου
1207 3377 1294 3450 ἔτους

173 3478 287 3562 πορίων
313 3426 542 3563 ἐπιμελεῖσθαί
556 3502 616 3562 σιν,
642 3480 760 3556 τούτοις
775 3479 809 3541 δὲ
825 3499 921 3562 προς-;
934 3477 1180 3562 καθιστάμενοι,
1249 3481 1293 3554 οίς

174 3584 229 3644 καί
266 3591 320 3645 τοῦ
353 3582 445 3654 σίτου
481 3593 535 3646 τοῦ
556 3582 707 3646 τέτακται
731 3591 793 3646 τῶν
808 3603 843 3644 τε
858 3550 1295 3666 ἐμ·ίπροςτὲτακταιτῶνέμ-

175 3683 410 3761 καταπλέοντος
434 3685 476 3761 εἰς
499 3688 535 3748 το
555 3685 669 3768 πορίων
690 3650 1044 3769 ἐπιμελεῖσθαιίπορίων
1069 3683 1298 3768 ἐπιμελεῖσθαι,

175 3789 294 3850 σιτικὸν
317 3776 462 3872 ἐμπόριον
495 3772 626 3851 reram
648 3797 701 3852 τοῦ
740 3785 826 3850 σίτου
859 3795 913 3849 τοῦ
933 3788 989 3848 καί
1025 3794 1079 3849 τοῦ
1117 3787 1203 3850 σίτου
1239 3797 1294 3849 τοῦ

175 3889 229 3953 δύο
262 3889 341 3975 μέρη
373 3892 444 3965 τοὺς
481 3848 541 3974 {pr-i
556 3881 789 3966 καταπλέοντος
815 3890 857 3965 εἰς
880 3855 922 3975 cti
934 3889 1168 3965 καταπλέοντος
1192 3890 1234 3964 είς
1259 3893 1297 3952 τὸ,

178 4115 433 4124 --—-——-

280 4265 307 4330 1)
325 4264 516 4319 Wilamcrvitz
534 4266 551 4318 l.
564 4266 582 4319 l.
595 4266 613 4318 l.
627 4280 653 4333 p.
667 4265 718 4319 220
737 4280 799 4319 ann.
813 4263 853 4318 68.
873 4264 981 4329 Kaibel,
1000 4264 1053 4318 Stil
1065 4279 1092 4318 u.
1106 4264 1180 4318 [text
1194 4278 1220 4330 p.
1234 4263 1292 4317 221.
