2924 4928
721 349 763 413 53

168 549 279 616 toritas
303 551 482 617 Aristotelis
505 553 536 617 in
560 553 717 619 Pollucem
740 554 834 618 latius
856 555 1007 636 pertinere
1030 556 1178 635 videatur,
1204 559 1300 624 liceat

169 656 247 718 mibi
272 657 376 731 omnia
398 675 459 721 uno
480 656 514 720 16
538 658 705 739 conspectu
727 675 850 739 ponere,
882 676 959 738 quae
983 658 1094 723 Pollux
1123 660 1195 726 huic
1217 662 1300 728 tonti·

167 757 287 821 debuit.

203 1044 227 1130 ἕ
251 1043 280 1110 1.
325 1041 477 1110 Pollux
500 1043 648 1132 quibus
672 1045 778 1115 locis
801 1047 1027 1117 Aristotele
1050 1047 1141 1137 ipso
1165 1068 1268 1118 usus

513 1193 517 1203 ·
546 1148 612 1232 sit,
637 1149 921 1238 investigatur.

272 1335 440 1400 Pollucem·
458 1336 572 1400 librum
596 1336 775 1402 Aristotelis
806 1337 910 1418 ipsum
932 1337 965 1402 in
987 1337 1129 1402 manibus
1152 1338 1297 1402 habuisse

166 1437 462 1502 manifestissimum
492 1437 538 1517 fit,
572 1439 599 1502 si
626 1439 663 1522 ἕξ
686 1437 814 1500 85-92
838 1439 1050 1521 componimus
1073 1457 1144 1504 cum
1165 1439 1296 1505 Aristot.

166 1559 236 1618 cap.
260 1538 401 1604 55-61.
454 1539 639 1606 Aristoteles
672 1541 873 1622 magistratus
905 1542 949 1605 sio
981 1559 1158 1624 percensere
1189 1542 1297 1619 voluit,

167 1645 203 1727 ut
227 1645 363 1725 primum
387 1645 424 1709 16
449 1664 556 1710 norom
580 1644 777 1711 archontibus
800 1646 981 1727 generatim,
1013 1649 1079 1710 tum
1103 1646 1139 1710 de
1163 1665 1297 1712 assesso·

167 1747 264 1825 ribus,
298 1748 409 1814 deinde
441 1749 479 1814 16
511 1749 642 1832 singulis
665 1748 872 1825 archontibus,
905 1767 1066 1832 eponymo,
1098 1769 1180 1832 rege,
1211 1749 1298 1832 pole·

166 1851 307 1928 marcho,
332 1851 552 1916 thesmothetis
576 1851 700 1916 diceret.
748 1849 866 1929 Quibus
889 1850 1079 1917 athlothotae
1102 1853 1133 1917 ot
1154 1853 1185 1917 in
1208 1853 1296 1930 libro,

166 1955 270 2036 qualis
293 1953 385 2018 hodie
408 1955 518 2031 exstat,
552 1953 659 2018 statim
683 1954 885 2035 magistratus
907 1953 1057 2018 militares
1081 1955 1298 2039 adjunguntur.

166 2056 230 2136 Qui
262 2056 338 2122 ordo
370 2075 442 2121 cum
464 2056 587 2122 Polluci
610 2074 668 2120 non
692 2055 783 2136 plano
805 2055 948 2137 placeret,
981 2075 1045 2120 rem
1077 2058 1122 2121 ita
1149 2058 1297 2136 instituit,

167 2161 204 2223 ut
235 2159 373 2240 primum
407 2177 474 2242 oap.
508 2160 550 2222 55
583 2158 766 2224 exscriberet
797 2158 885 2239 eique
916 2156 1095 2242 adjungeret
1121 2178 1298 2241 supremum

168 2262 368 2326 enuntiatum
392 2280 460 2344 cap.
484 2260 526 2324 59
549 2263 580 2326 61
604 2261 788 2326 stultissime
812 2259 1000 2325 athlothetas
1022 2262 1112 2340 sorte,
1145 2280 1241 2346 aeque
1264 2284 1299 2329 ao

166 2365 374 2447 magistratus
398 2364 551 2429 militares
576 2363 721 2444 suffragio
737 2383 753 2427 a
770 2382 879 2427 novem
897 2366 1099 2428 archontibus
1115 2367 1298 2431 const'tutos

166 2486 236 2532 esse
269 2469 357 2532 ratus
390 2467 466 2532 haec
498 2467 603 2531 omnia
637 2484 707 2530 cum
737 2465 892 2548 prioribus
924 2466 1159 2548 conglutinavit.
1215 2468 1299 2546 Quae

166 2589 241 2634 cum
265 2569 303 2632 do
327 2568 546 2634 thesmothetis
569 2577 659 2653 κοινῇ
685 2570 715 2633 1.
737 2586 764 2632 6.
788 2568 825 2632 16
847 2587 955 2632 novem
983 2567 1190 2646 archontibus,
1223 2588 1298 2650 quos

166 2672 396 2736 thesmothetas
429 2671 586 2736 nominare
620 2671 768 2747 solebant,
802 2670 983 2748 enarrasset,
1015 2670 1052 2734 do
1084 2670 1299 2736 thesmothetis

167 2774 232 2860 ἰδίᾳ
255 2774 286 2839 h.
313 2794 340 2839 o.
366 2775 404 2838 16
423 2793 476 2839 sex
491 2774 707 2860 θεσμοθέταις
729 2771 900 2851 disputavit
915 2775 946 2837 et
968 2792 1034 2855 cap.
1057 2772 1099 2835 59
1121 2775 1299 2839 Aristotelis

167 2878 333 2942 contraxit.
378 2877 458 2941 Tum
492 2877 650 2942 archontis
682 2879 826 2960 eponymi
848 2875 948 2941 officia
970 2896 987 2938 e
1009 2895 1074 2958 cap.
1099 2876 1152 2960 56,
1179 2879 1261 2962 rogis
1283 2899 1299 2942 6

167 3000 238 3063 cap.
261 2980 313 3058 57,
348 2979 539 3062 polemarohi
571 2999 587 3044 6
610 2998 676 3061 oap.
700 2978 742 3042 58
773 2978 887 3044 hausit.
942 2978 1002 3044 Sed
1024 2979 1096 3061 quia
1117 2999 1227 3045 novem
1250 3000 1299 3045 ar·

169 3084 319 3149 chontum
353 3085 386 3147 et
416 3082 696 3147 thesmuthetarum
729 3081 830 3147 officia
860 3081 953 3145 simul
983 3081 1116 3146 tractare
1141 3083 1298 3146 inanimo

167 3187 307 3251 habebat
330 3188 362 3250 et
384 3185 499 3263 omnia,
522 3204 599 3268 quae
624 3202 695 3250 oum
717 3184 766 3251 his
789 3203 849 3250 non
873 3184 1085 3263 cohaerebant,
1109 3185 1299 3260 secludebat,

167 3289 294 3366 accidit,
317 3292 354 3354 61
377 3285 502 3370 paredri
524 3289 556 3352 ot
578 3287 680 3352 scriba
700 3286 989 3365 thesmothetarum,
1016 3305 1092 3368 quos
1115 3286 1298 3353 Aristoteles

167 3411 238 3475 cap.
272 3391 367 3456 56.1
402 3392 433 3454 61
465 3391 571 3467 551,
605 3389 626 3452 ‘l
657 3408 727 3454 cum
761 3408 871 3455 novem
901 3388 1100 3454 archontibus
1133 3389 1298 3472 conjunxit,

167 3495 327 3560 eximondi
349 3496 380 3559 et
402 3494 423 3578 ξ
445 3493 488 3557 92
510 3493 571 3558 soli
592 3493 748 3557 tractandi
770 3492 882 3557 essent.
935 3491 1024 3558 Unde
1047 3511 1136 3574 porro
1158 3495 1300 3559 secutum

167 3600 226 3676 est,
260 3600 295 3662 61
328 3598 424 3663 verba
446 3616 513 3680 cap.
536 3595 630 3659 56.1
666 3614 736 3661 cnm
766 3595 866 3660 verbis
894 3613 961 3677 cap.
984 3596 1036 3660 55.
1059 3594 1080 3657 ’2
1103 3596 1300 3662 confunderet

168 3702 202 3764 et
224 3693 379 3766 statueret
402 3698 468 3764 illis
490 3697 630 3781 paredris
653 3698 701 3763 bis
715 3697 866 3762 rationem
881 3696 1068 3762 reddendam
1083 3716 1149 3762 6666
1164 3697 1298 3780 primum

168 3806 201 3869 in
226 3804 348 3882 senatu,
371 3804 439 3868 tum
461 3801 642 3886 injudicio,
677 3801 795 3865 scribae
816 3818 887 3865 vero
919 3800 1014 3864 semel
1036 3800 1211 3867 16616616
1234 3801 1299 3866 solo

163 3907 297 3991 judicio.
342 3905 424 3970 Nam
452 3904 494 3983 id,
518 3902 602 3986 quod
625 3902 776 3988 Stojentin
788 3902 816 3986 ¹)
839 3901 1017 3968 Aristotelis
1035 3903 1142 3969 libello
1163 3904 1300 3970 nondum

277 4184 302 4248 1)
329 4181 373 4236 De
400 4180 471 4234 dulii
488 4179 614 4234 Pollucis
642 4179 672 4232 in
699 4178 817 4245 publicis
841 4177 1056 4232 Atheniensium
1084 4179 1302 4246 antiquitatibus

166 4267 540 4328 enarrandisauctoritato.
578 4263 693 4319 vratisl.
714 4265 779 4318 1875
802 4279 828 4331 p.
850 4264 889 4318 13.
