2924 4928
8 526 182 602 κακώσεως
195 525 367 610 ἐπικλήρου

131 679 146 707 „
194 632 281 694 οἴκου
319 628 367 711 ὀρ-

10 766 13 770 -
74 744 205 819 φονικοῦ

8 837 178 923 παρανοίας
386 831 554 915 παρανοίας
764 833 821 909 τής
844 825 1013 909 παρανοίας

387 933 494 1018 ἀργίας

8 1046 51 1121 είς
67 1045 213 1130 δατήτῶν
236 1042 353 1124 αίρεσιν

9 1149 52 1224 εἰς
74 1149 243 1229 ἐπιτροπῆς
268 1142 367 1207 κατοί-

74 1269 183 1315 στασιν

8 1356 51 1431 εἰς
90 1355 259 1436 ἐπιτροπῆς
301 1350 366 1413 δια-

73 1455 218 1521 δικασίαν

9 1563 52 1638 είς
84 1562 230 1646 ἐμφανῶν
266 1554 365 1620 κατοί-

74 1685 183 1728 στασιν

8 1767 172 1852 ἐπίτροπον
198 1764 292 1828 αὑτὸν
314 1763 366 1846 ἐγ-

72 1869 190 1953 ιιάννι
201 1867 228 1947 1)

9 1971 198 2038 ἐπιδικασίαι
221 1971 348 2056 κλήρων
385 1962 575 2028 ἐπιδικασίαν
625 1964 719 2049 [κλή-

449 2066 521 2154 ρων]
536 2067 563 2146 ²)

55 2230 69 2260 „
117 2228 133 2256 „
173 2174 363 2260 ἐπικλήρων.
385 2169 575 2234 ἐπιδικασίαι
609 2171 742 2256 ἐπικλή-
762 2173 951 2263 ἐπιδικασίαι
974 2185 1036 2240 τῶν
1056 2177 1120 2240 ἐπι·
1210 2185 1271 2240 τῶν
1296 2177 1392 2242 ἐπικλ

450 2294 509 2358 ρων
530 2281 699 2357 γυναικῶν.
826 2277 963 2362 κλήρων,

297 2571 371 2653 πρὸς
394 2571 446 2633 τὸν
468 2564 600 2652 βασιλέα
623 2566 837 2652 λαγχαίνσνται
865 2570 983 2651 γραφαί
1008 2567 1041 2630 δὲ
1065 2571 1119 2630 καὶ
1142 2567 1245 2632 δίκαιε

61 2759 189 2822 Αιίοίοί.
211 2758 263 2822 57.
289 2757 320 2819 2.
384 2757 457 2821 Lex.
475 2759 550 2840 8ος.
565 2758 601 2821 V.
625 2760 692 2821 310.
709 2757 747 2897 δή
761 2759 851 2880 Ρίιοί.
864 2756 1391 2925 {affluamHaffguxitaffze'p

8 2944 151 3032 ἀσεβείας
745 2917 747 3026 ί
895 2954 951 3029 τής
974 2945 1118 3030 ἀσεβείας
1129 2953 1186 3042 τής
1209 2943 1352 3031 ἀσεβείας

7 3051 68 3113 κάν
91 3068 134 3123 τις
157 3046 340 3132 ἱερεωσὺνής
745 3049 815 3112 ἶκαί
837 3051 874 3112 ἄν
890 3069 934 3123 τις
951 3047 1118 3132 ἱερωσύνης

7 3151 189 3238 ἀμφισβήτή
206 3149 280 3234 πρός
296 3170 364 3213 τινα
759 3151 961 3236 ἠμφισβήτει.

7 3254 178 3334 διαδικάζει
189 3254 222 3316 δὲ
233 3255 288 3315 καί
300 3262 364 3328 τοῖς
383 3254 438 3315 καὶ
464 3254 533 3337 περὶ
561 3261 621 3316 τῶν
653 3252 740 3336 ἱερῶν
758 3252 904 3338 πρότερον
928 3253 962 3316 δὲ
986 3257 1040 3317 καὶ
1063 3257 1124 3330 τάςί

6 3357 110 3442 γένεσι
142 3359 197 3420 καὶ
228 3366 292 3432 τοῖς
323 3355 363 3419 ίε-
383 3358 437 3418 καὶ
469 3365 532 3432 τοῖς
563 3355 666 3440 γένεσι
697 3356 739 3418 δι·
758 3360 826 3441 περὶ
857 3365 919 3421 τῶν
942 3357 1028 3440 ἱερῶν
1054 3367 1118 3433 τοῖς

6 3471 91 3546 ρεῦσι
114 3464 179 3538 τὰς
205 3458 363 3545 ἀμφισβη-
382 3459 484 3538 κοίζει.
759 3461 887 3544 ἱερεῦσιν
918 3459 1116 3545 ἀμφισβητή-
1226 3492 1232 3502 =

7 3564 112 3649 τήσεις
135 3567 190 3640 τὰς
209 3562 286 3646 ὑπὲρ
302 3569 364 3625 τῶν
759 3585 822 3639 σεις

3 3675 103 3751 γερῶν
120 3665 245 3741 ἁπάσας
261 3578 371 3741 οὑτσςί
1120 3593 1122 3743 ί

209 3905 466 3914 ——--—-.——

314 4057 340 4124 1)
368 4058 411 4110 De
428 4058 482 4111 hae
500 4057 624 4123 ἐμφανῶν
643 4058 797 4109 καταστάσει
815 4057 973 4112 rectissime
987 4056 1128 4124 jndicavit
1147 4056 1254 4120 Kaibel,
1278 4055 1334 4111 St'l

209 4145 266 4197 und
285 4143 367 4208 Text,
387 4158 411 4211 p.
431 4144 481 4198 235
500 4145 605 4198 collata
623 4146 749 4199 oratione
767 4144 838 4198 lsaei
857 4146 948 4199 sexta.

311 4250 339 4311 21
367 4247 400 4301 οί.
420 4247 728 4330 Καίίιοί·ίίίί11αιιιονιίίπ,
747 4248 811 4300 edit.
831 4247 946 4300 Testim.
965 4248 1001 4300 ad
1019 4261 1077 4314 cap.
1097 4245 1138 4298 56.
1157 4247 1181 4299 6,
1225 4303 1227 4306 ,
