2924 4928
712 353 751 416 19

168 564 218 626 Et.
241 561 285 625 M.
318 559 392 626 338.
419 560 455 622 31
496 559 526 622 in
560 557 618 622 lex.
642 556 735 621 Vind.
767 577 797 639 p.
821 556 951 683 88.)o,
983 560 1071 624 ouius
1103 560 1210 625 auotor
1240 564 1294 626 aut

168 664 352 750 Etymologo
384 664 450 744 ipso
486 663 540 726 aut
572 660 680 726 eodem
702 659 786 724 sonte
808 679 882 726 usus
905 662 997 726 verbe
1020 664 1075 725 καὶ
1097 663 1253 727 ἐδείκνυον
1276 683 1292 729 1

167 769 274 852 glossa
305 767 356 832 111.
388 766 431 830 Μ.
465 762 589 841 ἔνδειξις
621 783 653 845 p.
683 762 756 828 338.
789 762 831 826 49
843 763 866 846 ¹)
904 764 1002 845 petite
1033 765 1111 831 falso
1142 766 1209 831 loco
1244 767 1292 830 irr-

167 872 300 938 seruisse
330 870 463 936 videtur.
517 868 595 933 Cum
618 866 667 931 111.
693 867 736 931 M.
758 868 827 931 tum
849 868 906 932 lex.
930 867 1021 932 Vind.
1053 871 1085 933 in
1108 869 1166 936 hae
1187 871 1292 952 poste·

168 978 247 1040 riore
270 975 374 1058 glossa
396 972 672 1056 Harpocrationem
696 971 794 1035 secuti
818 978 898 1036 sunt.
953 969 1041 1050 Quod
1072 973 1111 1038 ad
1134 973 1292 1039 undecim-

167 1080 250 1142 viros
273 1076 439 1158 explicatos
463 1075 584 1151 attinet,
616 1073 695 1137 111111
718 1074 854 1155 glossam
878 1074 973 1138 simili
987 1074 1073 1138 -ionti
1104 1077 1204 1158 atque,
1240 1077 1292 1158 qui

169 1182 227 1245 lor.
250 1181 353 1246 Palm.
376 1200 406 1262 p.
430 1177 529 1263 13l14
559 1180 683 1260 praesto
715 1176 784 1256 fuit,
816 1179 961 1254 tribuam,
993 1178 1065 1260 quia
1095 1178 1138 1243 ibi
1169 1180 1291 1244 tantum

168 1283 261 1349 rerba
285 1283 423 1364 pleniora
446 1281 568 1348 exstant
591 1282 622 1346 11
641 1281 701 1346 duo
718 1300 831 1362 genera
846 1282 1049 1365 ἀπογραφῶν,
1075 1282 1205 1346 alterum
1228 1305 1292 1367 χω-

167 1386 240 1470 ρίων
262 1386 396 1450 alterum
419 1384 535 1464 οἰκιῶν,
567 1383 791 1449 discernuntur.
838 1382 936 1463 Quem
959 1384 1074 1448 fontem
1106 1387 1211 1450 auotor
1233 1387 1290 1450 lex.

164 1485 270 1568 Dem.‚
294 1507 364 1553 eum
387 1487 565 1552 deflecteret
586 1487 625 1551 ad
648 1488 776 1569 poletas,
808 1489 1000 1569 praemature
1025 1488 1167 1565 deseruit,
1199 1508 1289 1570 quam

168 1594 208 1657 ob
229 1611 296 1657 rem
317 1591 539 1657 interciderunt
562 1591 669 1656 verba:
709 1590 891 1675 παρεδίδουν
914 1591 1025 1654 δὲκαὶ
1047 1591 1129 1667 ἐνίας
1152 1590 1292 1670 ἐνδείξεις

168 1695 219 1760 vel
242 1695 310 1760 sim.
356 1695 496 1759 Eundem
529 1697 640 1758 mirum
672 1694 752 1759 inter·
774 1694 824 1759 lit.
848 1694 891 1759 M.
915 1697 946 1759 et
967 1694 1024 1758 lex.
1049 1693 1140 1758 Vind.
1164 1712 1290 1760 eonsen-

167 1817 239 1863 sum
260 1798 449 1880 eandemque
472 1797 602 1862 duarum
618 1797 791 1880 glossarum
808 1796 1069 1879 perturbationem
1085 1796 1181 1861 altero
1196 1798 1290 1862 etiam

168 1902 236 1967 looo
258 1901 396 1984 repperi:
420 1906 451 1965 in
474 1900 586 1984 glossis
608 1899 815 1986 ἐπιγνώμονες
840 1901 872 1964 11
894 1900 1083 1985 ἐπιγραφεῖς.

169 2058 217 2121 Ε1.
241 2057 286 2121 Μ.
311 2059 390 2122 358,
416 2059 447 2120 16
470 2056 678 2140 ἐπιγνώμονες
756 2058 850 2139 Η1τμ.
876 2055 957 2139 [prr.
990 2054 1201 2142 ἐπιγνώμονας
1224 2059 1292 2121 ἀντὶ

169 2160 239 2223 ἀντὶ
250 2169 305 2222 τοῦ
312 2157 516 2234 ἐπισκόπους.
552 2159 707 2245 (ἐπι)γρα-
753 2167 807 2222 τοῦ
824 2159 1015 2236 ἐπισκόπους
1032 2162 1087 2224 καὶ
1103 2160 1291 2245 ἐπιγραφέας

168 2260 246 2345 φὲας
278 2264 349 2336 τοὺς
379 2261 627 2347 καθεστηκότας
657 2263 709 2327 ἐπὶ
752 2265 823 2339 τοὺς
859 2262 1110 2350 καθεστηκότας
1146 2263 1197 2327 ἐπὶ
1236 2275 1290 2328 τοῦ

170 2367 206 2427 τὸ
226 2362 358 2449 γράφειν
380 2364 520 2450 ἑκάστῳ,
555 2367 628 2430 ὁσον
651 2367 707 2442 εἰς·
750 2366 881 2450 γράφειν
899 2365 1039 2451 ἑκάστῳ,
1058 2367 1131 2430 ὅσον
1147 2367 1291 2451 εῖςφέρειν

169 2467 285 2553 φέρεινγ
303 2468 480 2551 ὀφείλουσιν
514 2470 556 2546 εἰς
586 2472 621 2533 τὸ
653 2470 707 2555 δη·
752 2468 930 2551 ὀφείλουσιν
952 2471 994 2545 εἰς
1017 2472 1052 2534 τὸ
1075 2469 1234 2555 δῃμάσιον.

169 2570 287 2655 μὸσιον.
313 2572 341 2635 οἱ
357 2573 391 2637 δέ
409 2593 503 2657 φασιν
526 2573 708 2657 ἐπιγραφεῖς
753 2626 804 2688 'ox
831 2625 911 2688 vind

168 2673 248 2736 είναι
275 2677 346 2751 τοὺς
368 2674 525 2758 ὁρίζοντας
556 2678 612 2739 καὶ
643 2676 707 2740 ἐπι·
808 2674 814 2688 ’
915 2675 922 2688 ’

167 2774 345 2860 γράφοντας
368 2779 408 2841 τά
430 2777 568 2864 ἐπιτίμια
593 2789 654 2844 τῶν
673 2781 707 2845 ἐν

169 2887 239 2954 ταῖς
262 2877 363 2956 δίκαις
385 2879 610 2966 ἁλισκομένων.

939 2644 969 2706 p.
986 2625 1077 2690 93.4
1100 2621 1185 2686 κατά
1207 2644 1290 2698 τινας

752 2728 786 2790 δὲ
808 2727 836 2791 οί
859 2726 1012 2810 ὁρίζοντες
1035 2728 1089 2789 καὶ
1105 2725 1290 2809 ἐπιγράφον-

753 2852 803 2908 τες
834 2832 874 2894 τά
905 2829 1042 2915 ἐπιτίμια
1075 2838 1135 2893 τῶν
1166 2828 1290 2903 ἐντοῖς

753 2933 853 3010 δίκαις
878 2932 1103 3018 ἁλισκομένων.

170 3085 216 3148 Ei.
242 3085 283 3150 Μ.
308 3087 386 3153 358.
409 3088 455 3152 20
468 3087 493 3170 ²)
528 3087 709 3173 ἐπιγραφεῖς
752 3090 792 3153 ib.
817 3109 846 3172 p.
873 3089 962 3153 93.3
994 3086 1175 3171 ἐπιγραφεῖς
1206 3087 1290 3150 κατά

169 3186 198 3248 οἱ
223 3188 261 3249 τά
285 3186 421 3273 δημὸσια
443 3188 665 3273 διαγράφοντες
751 3213 836 3267 τινας
868 3192 922 3276 μὲν
945 3189 973 3254 οἱ
996 3193 1035 3253 τοὶ
1058 3189 1194 3276 δγμὸσια
1215 3189 1290 3273 γρά-

751 3315 871 3377 φοντες.

754 3451 813 3512 lex.
832 3450 908 3528 Sep.
927 3449 962 3511 V.
978 3449 1059 3512 254.
1078 3449 1098 3514 5
1120 3448 1141 3531 ἢ
1163 3446 1289 3529 ἐπιγρα-

167 3544 242 3626 por
263 3544 418 3629 ὁρίζοντες
440 3551 495 3611 καὶ
523 3548 708 3633 ἐπιγράφον-
753 3559 821 3633 φεῖς
843 3549 870 3612 οἱ
894 3548 1047 3634 ὁρίζοντες
1077 3549 1132 3611 καὶ
1163 3546 1290 3630 ἐπιγρά-

169 3667 220 3723 τες
242 3650 298 3724 τοὶς
321 3649 459 3734 εἰςφοράς
481 3650 619 3736 ἑκάστῳ.
753 3673 862 3736 φοντες
885 3654 940 3727 τάς
965 3652 1103 3736 είςφοράς
1125 3648 1262 3733 ἑκάστῳ.

170 3820 426 3831 -ξ-

273 3937 299 3996 1)
319 3934 384 3990 Cod.
403 3935 478 3992 Flor.
498 3939 539 3993 ed.
558 3938 649 3993 Miller
667 3954 692 4006 p.
714 3942 760 3992 lll
782 3941 912 3994 leounam
929 3955 987 3995 non
1005 3941 1152 4008 signifieat.

270 4023 300 4090 2)
318 4021 471 4078 1111111.
488 4025 634 4079 1111111111·
651 4040 677 4093 p.
691 4027 742 4080 120
759 4027 816 4080 lex.
829 4026 910 4080 Vind.
924 4027 1088 4081 assentitur.
1122 4027 1198 4082 Haeo
1215 4029 1291 4082 enim

169 4105 270 4161 habet:
306 4110 330 4160 οἱ
357 4111 390 4161 τὰ
418 4111 530 4180 δημόσια
553 4112 746 4180 διαγράφοντες
770 4113 926 4164 ἐκαλοῦντο·
945 4114 968 4164 oi
992 4114 1023 4164 δέ
1041 4131 1118 4181 φασιν
1137 4116 1291 4184 ἐπιγραφεῑς

169 4191 233 4244 εἶναι
251 4193 315 4253 τοὺς
329 4197 465 4263 ὁρίζοντας
480 4197 521 4248 καὶ
540 4199 737 4265 ἐπιγράμοντας
751 4199 783 4249 τὰ
802 4199 917 4262 ἐπιτίμια
934 4203 986 4250 τῶν
1003 4201 1031 4251 ἐν
1048 4203 1107 4260 ταῖς
1131 4201 1215 4260 δίκαις
1238 4200 1290 4252 ἁλι-

167 4296 309 4343 σκαμενων.

1108 4389 1138 4442 2.
