2924 4928
700 318 761 381 113

166 523 247 600 tunt,
281 540 351 585 cum
379 520 497 603 judicia
528 521 631 584 omnia
661 527 727 585 tum
761 520 921 585 archontes
953 539 1061 585 novem
1080 520 1104 602 ¹]
1136 520 1289 602 quondam

166 645 224 689 una
252 625 356 707 glossa
388 625 420 689 et
451 644 513 688 uuo
544 623 611 688 loco
643 624 862 704 comprehensa
892 624 997 690 fuisse.
1051 625 1151 700 Tum,
1183 626 1211 689 si
1241 627 1289 690 len

168 731 238 811 Seg.
255 727 281 790 V
306 746 341 791 er
357 746 451 808 opere
474 727 554 791 alius
577 726 692 791 ordinis
708 725 874 791 conflatum
891 747 957 815 esse
974 728 1150 805 statuimus,
1174 729 1289 810 optime

166 830 369 914 intellegitur,
409 849 464 893 cur
485 849 632 912 persaepe
656 850 717 894 uuo
740 829 807 894 loco
830 829 906 894 duas
930 831 978 895 vel
1001 831 1105 912 plures
1128 851 1176 895 res
1206 835 1288 895 trac-

165 934 287 999 taverit.
334 932 418 1012 Quas
440 933 577 1013 prolecto
595 933 663 1016 jam
685 933 715 996 in
740 933 824 997 fonte
847 935 910 996 tam
936 934 1000 997 arte
1020 934 1178 1016 copulatas
1200 933 1287 1017 legit,

165 1041 201 1102 ut
224 1057 283 1102 non
300 1037 455 1101 dissecare
471 1038 583 1117 posset,
600 1037 767 1118 siquidem
783 1037 969 1101 sententiam
985 1037 1101 1101 salvam
1119 1036 1289 1119 relinquere

166 1140 282 1205 voluit:
319 1140 389 1204 Huc
412 1140 569 1220 pertinent
589 1140 663 1204 illae
686 1140 819 1222 glossae,
843 1140 954 1220 quibus
978 1139 1140 1204 discrimen
1164 1141 1289 1222 aliquod
1359 1143 1362 1148 ’

166 1245 301 1319 notetur,
334 1243 423 1309 velut
455 1243 606 1325 quomode
630 1242 839 1329 ἀμφισβητεῖν
870 1243 992 1308 differat
1014 1243 1053 1307 ab
1076 1243 1290 1329 παραβάλλειν

169 1345 239 1409 197.
265 1346 302 1408 ll
327 1345 366 1410 ol.
390 1347 484 1411 etiarn
506 1345 580 1410 213.
604 1346 655 1425 15,
678 1346 752 1412 241.
776 1345 828 1423 20,
850 1344 924 1411 244.
951 1347 999 1425 14,
1022 1348 1095 1409 248.
1112 1347 1144 1424 3,
1166 1347 1240 1412 256.
1258 1347 1289 1424 8,

166 1448 240 1514 868.
263 1447 315 1528 27,
347 1447 420 1514 285.
452 1448 503 1527 33,
539 1447 613 1512 298.
644 1446 697 1513 ἳΐ.
741 1447 811 1528 Qua
840 1449 873 1512 iu
904 1468 938 1512 re
970 1468 1198 1531 nonnumquam
1230 1469 1289 1514 non

167 1570 273 1616 omnes
288 1570 346 1629 res,
363 1570 438 1633 quas
454 1551 629 1634 disjungere
644 1552 676 1615 in
692 1551 794 1617 animo
809 1551 912 1630 habet,
936 1552 1093 1617 lemmatis
1107 1552 1176 1618 loco
1194 1554 1290 1620 affert.

168 1656 219 1720 Sic
241 1653 315 1720 285.
338 1654 381 1719 33
404 1655 537 1738 explicat
554 1673 663 1719 causas
684 1653 803 1738 οὐσίας,
826 1664 961 1738 καρποῦ,
978 1654 1128 1738 ἐνοικίῳν,
1146 1655 1288 1742 ἐξούλης,

167 1761 200 1823 at
222 1761 378 1840 postrema
399 1759 488 1823 initio
511 1759 603 1824 huius
618 1758 749 1842 glossae,
772 1759 825 1823 ubi
845 1759 933 1841 quasi
957 1761 1173 1842 argumentum
1195 1762 1290 1825 totius

168 1863 290 1944 glossae
314 1862 555 1943 comprehendit,
590 1862 791 1927 desideratur.
835 1861 908 1926 298.
931 1863 972 1926 27
995 1863 1079 1927 idem
1110 1883 1179 1928 cum
1202 1883 1291 1930 voca·

168 1965 240 2030 bulo
279 1964 415 2048 μέτοικοι
452 1966 568 2030 factum
605 1968 653 2030 est
664 1965 699 2043 ²).
754 1965 803 2030 Ad
841 1966 969 2030 eandem
1007 1967 1191 2031 sententiam
1221 1987 1291 2049 per·

168 2069 319 2144 ducimur,
343 2071 370 2134 si
392 2071 455 2135 tres
477 2070 608 2152 glossas,
633 2088 709 2151 quas
733 2070 840 2134 auctor
862 2054 951 2133 l‘exici
974 2069 1044 2153 Seg.
1068 2070 1096 2133 V
1119 2071 1176 2134 sub
1198 2071 1291 2136 finem

168 2174 291 2237 litterae
313 2175 338 2236 l*
361 2175 526 2256 congessit,
558 2173 748 2254 perlegimus
771 2172 808 2236 de
831 2171 985 2257 ἡγεμονίᾳ
1007 2172 1228 2258 δικαστηρίων,
1253 2174 1290 2238 de

169 2274 393 2361 δικαστηρίοις,
428 2279 465 2340 de
497 2275 678 2362 ἀμφιορκία.
725 2276 835 2342 Nonne
866 2278 972 2341 auctor
1001 2276 1100 2340 lexioi.
1114 2278 1293 2359 Segueriani

168 2380 224 2444 has
242 2380 363 2460 glossas
379 2379 530 2444 dissecare
546 2381 577 2444 et
593 2380 774 2445 distribuere
790 2381 845 2443 aut
861 2380 994 2444 noluisse
1010 2381 1139 2443 autnon
1155 2380 1292 2460 potuisse

169 2483 316 2546 videtur?
347 2482 457 2548 Nonne
484 2484 597 2547 mirum
620 2485 667 2547 est
693 2503 790 2567 neque
812 2481 982 2568 ἡγεμονίαν
1005 2481 1292 2567 δικαστηρίωνειιίι

169 2585 276 2650 littera
298 2585 338 2664 H,
362 2605 460 2666 neque
484 2585 672 2670 δικαστήρια
704 2586 761 2650 sub
783 2587 889 2650 littera
912 2585 949 2666 Δ,
983 2603 1081 2665 neque
1104 2583 1292 2669 ἀμφιορκίαν

170 2691 227 2754 sub
251 2690 357 2754 littera
379 2692 408 2754 A
430 2691 530 2773 posita
554 2694 645 2756 esse?
676 2691 771 2756 Porro
803 2691 860 2754 hoc
892 2691 1012 2754 animos
1043 2691 1164 2754 nostros
1196 2689 1227 2753 in
1251 2675 1292 2754 vse

170 2794 313 2870 intendit,
346 2812 435 2858 voces
466 2793 659 2876 Παλλάδιον,
693 2792 867 2876 Δελφίνιον,
902 2792 1105 2876 Πρυτανεῖον,
1138 2791 1292 2876 Φρεαττιίι

171 2916 230 2962 non
254 2896 355 2961 solum
377 2899 408 2961 in
430 2897 526 2963 lexico
548 2885 812 2980 Harpocr·atioueo
841 2897 896 2961 sed
927 2896 1020 2961 eliam
1051 2897 1084 2960 in
1106 2897 1174 2978 ipso
1196 2896 1293 2960 lexico

172 2999 366 3082 Segueriano,
400 3001 481 3082 apud
504 3001 704 3085 Hesychium,
736 2999 934 3081 Photium³),
964 3000 1161 3081 ubicumque,
1182 3000 1293 3063 horum

167 3103 355 3186 judiciorum
374 3104 489 3168 mentio
505 3103 550 3182 fit,
575 3104 631 3169 sub
654 3104 759 3168 littera
774 3103 811 3181 Ε,
834 3104 866 3166 at
888 3121 947 3167 non
971 3102 1029 3167 sub
1051 3102 1165 3166 litteris
1187 3100 1217 3164 Π
1240 3104 1294 3165 aut

173 3206 197 3269 Δ
220 3205 274 3268 aut
296 3204 327 3268 Φ
349 3206 504 3271 collocari.
550 3208 595 3269 At
616 3207 762 3288 quoniam
792 3205 850 3271 lou.
874 3205 944 3288 Sag.
968 3205 996 3268 V
1019 3205 1075 3282 bie,
1110 3223 1169 3268 non
1193 3204 1294 3267 solum

173 3308 229 3374 sub
252 3308 383 3390 singulis
405 3309 507 3374 titulis
530 3309 583 3374 sed
606 3309 701 3374 etiam
723 3310 755 3373 in
778 3310 836 3373 hac
858 3310 963 3391 glossa
986 3309 1137 3383 universa,
1170 3306 1293 3370 easdem

171 3430 221 3474 res
253 3411 408 3486 tractavit,
440 3411 499 3475 duo
532 3412 695 3476 minimum
727 3411 824 3475 lexica
854 3411 1007 3475 rhetorica
1037 3409 1169 3474 alterurn
1205 3408 1293 3471 alteri

173 3514 367 3579 simillimum
391 3515 423 3577 in
446 3516 549 3579 nostro
565 3515 669 3578 codice
687 3514 871 3597 Segueriano
888 3514 1039 3595 permixta
1055 3531 1121 3577 esse
1136 3512 1294 3594 probabile

173 3619 230 3680 est.
274 3617 386 3681 Pollux
419 3617 455 3700 ἐξ
480 3615 650 3679 lle-120
671 3636 731 3682 non
763 3617 863 3680 solum
894 3616 1024 3680 eundem
1057 3615 1195 3678 ordinem
1227 3613 1295 3675 ἐπὶ

173 3718 358 3804 Παλλαδίῳ,
398 3720 467 3782 ἐπὶ
489 3719 653 3804 Δελφινίῳ,
687 3719 756 3782 ἐπὶ
777 3716 969 3803 Πρυτανείῳ,
1004 3718 1044 3781 ἐν
1066 3715 1225 3800 Φρεαττοῖ
1246 3735 1294 3778 re-

174 3824 276 3905 spicit,
300 3824 354 3888 sed
377 3825 471 3888 etiarn
494 3824 628 3905 primum
652 3823 689 3887 de
712 3822 909 3887 archontibus
932 3822 970 3903 ἐξ
992 3821 1129 3896 85-91,
1160 3821 1228 3882 tum
1258 3817 1295 3880 de

280 3997 305 4060 1)
324 3996 433 4050 Similia
446 3995 507 4064 jam
525 3994 666 4063 StoJentin
684 3996 701 4048 l.
720 3996 737 4048 l.
756 4009 781 4062 p.
800 3994 834 4049 96
853 3993 1013 4060 suspicatus
1032 3993 1083 4044 est.

276 4082 304 4149 2)
322 4081 429 4136 Indicia
445 4083 511 4136 talis
530 4083 637 4136 ordinis
655 4081 762 4148 exigua
780 4081 865 4134 etiam
883 4079 913 4132 in
930 4079 987 4132 lex.
1001 4077 1064 4144 Seg.
1083 4075 1121 4130 lV
1134 4076 1295 4137 occurrunt,

174 4167 208 4221 cl.
229 4168 285 4222 185.
305 4168 330 4231 4,
354 4168 408 4220 186.
427 4169 451 4230 7,
472 4166 511 4220 16.

278 4256 304 4321 3)
322 4269 408 4322 supra
425 4269 450 4322 p.
470 4253 580 4307 97-98.
