2924 4928
705 368 768 432 ne
897 351 902 358 ’

274 568 369 632 Μίοίι.
395 569 488 632 Pseu.
512 569 530 651 β
552 571 595 634 21.
799 569 887 634 Suid.
910 589 935 633 s.
959 589 987 633 ν.
1011 567 1167 654 ἐπωβελία
1190 572 1232 652 pi.
1256 573 1301 649 1.,

174 720 195 804 ή
220 720 254 783 δέ
277 719 432 807 ἐπωβελία
455 722 517 784 ἀπὸ
541 731 595 785 τοῦ
612 743 689 807 συμ·
1002 720 1130 787 πολλῶν
1153 723 1196 799 είς
1217 724 1295 809 χρή-

174 822 346 910 βεβηκότος
371 826 430 908 τήν
454 823 624 909 συνθήκην
647 826 689 886 εί·
786 846 870 910 ματα
912 824 1190 908 συκοφαντούντων
1226 829 1297 903 τοὺς

174 926 292 1012 ληφεν.
333 927 442 1011 ἐπειδή
479 929 541 1010 γὰρ
577 926 690 990 πολλοὶ
784 928 932 1003 ἐπιεικεῖς
948 929 1004 990 καὶ
1018 925 1220 1012 ἀπράγμονας
1234 937 1296 992 τῶν

173 1038 235 1094 τῶν
251 1032 295 1115 μή
312 1029 516 1095 ἐπιτιθέντων
532 1038 571 1113 τή
586 1027 689 1113 γλὼτ-
783 1030 921 1095 πολιτῶν
952 1032 1008 1093 καί
1040 1028 1177 1115 μάλιστα
1202 1040 1295 1096 τοῦτο

174 1153 213 1215 τη
237 1133 368 1216 χαλινόν
387 1142 451 1208 τοῖς
467 1131 617 1196 ἐπιεικέσι
634 1135 690 1195 καὶ
783 1134 931 1218 πράττειν
958 1132 1212 1219 διαβαλλομένων
1234 1142 1296 1199 τῶν

173 1234 352 1320 ἀπράγμοσι
388 1235 608 1320 προςεφύοντο,
648 1235 689 1312 ὡς
783 1238 852 1320 περὶ
874 1239 910 1299 τό
933 1236 1077 1321 ἐμπόριον
1100 1237 1295 1323 συμβαλλόν-

173 1336 299 1413 πλείους
330 1337 443 1414 τόκους
474 1337 526 1401 ἐπὶ
548 1348 613 1414 τοῖς
635 1361 688 1402 κε·
784 1359 844 1403 των
888 1338 940 1402 ἐπὶ
984 1349 1141 1415 ναυτικοῖς
1177 1338 1293 1424 τόκοις,

173 1439 344 1523 κεμδακύσι
366 1440 550 1526 νομίσμασι,
583 1444 639 1504 καί
660 1442 688 1505 οἱ
782 1440 952 1526 Ἀθηναῖοι
1006 1440 1124 1526 ζημίαν
1182 1442 1295 1521 ἔταξαν

175 1543 231 1627 μὲν
274 1543 530 1625 ἀπεδείκνυσαν,
582 1544 610 1607 οἱ
654 1545 706 1608 δὲ·
783 1548 869 1608 κατὰ
901 1553 962 1608 τῶν
984 1544 1205 1629 ἐγκαλούντων
1227 1546 1295 1632 ὀβο-

172 1644 298 1723 πλείους
335 1646 438 1732 μάτην
475 1648 546 1710 κατ’
584 1648 688 1712 αὐτῶν
783 1648 838 1712 λον
861 1646 1005 1730 ἐκτίνειν,
1030 1648 1058 1711 εἰ
1073 1650 1131 1733 μή,
1156 1647 1235 1712 καθ’
1253 1649 1295 1712 ὡν

172 1747 404 1832 ἐκεκράγεσαν,
437 1752 491 1814 τὸν
523 1751 578 1834 μὲν
610 1751 687 1813 ἀπο·
783 1752 970 1834 ἐνεκάλουν,
1013 1752 1141 1828 τούτους
1180 1750 1291 1815 ἕλοιεν.

172 1850 334 1915 δεικνύντα
357 1851 586 1939 ἀπμοςτίμητον
601 1854 685 1936 εἴων,
783 1855 902 1940 ταύτην
933 1857 992 1940 τήν
1024 1853 1141 1939 ζημίαν
1178 1853 1294 1940 ἐπωβε-

172 1957 226 2018 τόν
251 1954 286 2018 δέ
308 1955 596 2041 συκοφαντήσοντα
619 1956 687 2042 ὀβο-
783 1957 855 2021 λίαν
877 1957 1055 2042 ὠνόμασαν.

171 2058 227 2121 λοῦ
250 2058 415 2144 καταβολῇ
438 2057 607 2144 ἐζημίουν·
633 2061 688 2123 καί

171 2161 270 2245 ὄνομα
293 2169 333 2244 πή
357 2159 456 2246 ζημίᾳ
478 2161 686 2248 ήέπωβελία.

273 2365 432 2430 Interdum
449 2365 573 2430 Psellus
589 2366 628 2430 ud
645 2366 770 2432 verbum
788 2385 859 2431 oum
875 2367 969 2430 Suide
985 2368 1127 2450 congruit
1142 2368 1181 2432 of.
1196 2367 1293 2434 Psell.

172 2467 254 2550 §12
287 2470 319 2532 et
350 2468 436 2534 Suirl.
467 2489 492 2533 s.
524 2488 553 2536 ν,
585 2467 751 2532 sopenna
783 2471 815 2533 et
845 2469 1050 2553 παραγραφή.
1097 2470 1292 2534 Postremum

172 2571 368 2635 enuntiatum
401 2571 590 2636 Psellienum
623 2570 1003 2656 Παραγράφεσθαι
1044 2571 1085 2634 δὲ
1118 2572 1292 2655 ἐφεῖται

171 2677 246 2737 καί
269 2683 360 2750 τοῖς
382 2675 581 2739 τοιοῦτόν
605 2697 642 2739 τι
665 2673 1014 2761 ἐγκαλουμένοις
1046 2677 1142 2759 περὶ
1172 2676 1216 2739 ού
1248 2677 1293 2738 ού

171 2776 527 2864 νενομοθέτηται
558 2779 656 2843 isdem
688 2780 790 2843 verbis
821 2779 954 2862 legimus
985 2778 1068 2860 apud
1104 2777 1189 2844 Suid.
1213 2797 1238 2842 e.
1263 2798 1292 2843 ν.

169 2881 375 2966 παραγραφή.
422 2882 655 2964 Parngmphnm
678 2882 698 2944 9
722 2883 759 2946 de
774 2882 888 2947 uirium
912 2882 1096 2959 recensione,
1120 2881 1293 2964 rejectione,

169 2985 388 3066 provocatione
411 2986 455 3050 sio
476 2985 646 3049 Michaeles
668 2985 818 3061 instituit,
850 2987 886 3048 ut
916 2986 1051 3068 primum
1083 2984 1120 3049 de
1151 2985 1293 3049 tribubus

169 3089 200 3151 et
233 3090 322 3169 pugis
359 3088 463 3153 atticis
501 3089 616 3153 diceret
647 3090 678 3152 et
709 3088 842 3169 exempli
881 3088 983 3170 gretia
1013 3089 1090 3154 duos
1121 3086 1294 3153 nominaret

170 3189 401 3275 Ἀχαρνεῖς
432 3197 464 3256 et
495 3190 804 3268 Ἐλευσινίους.
869 3191 930 3256 Cur
962 3192 1036 3268 hos,
1075 3210 1133 3256 non
1167 3191 1245 3254 elios
1277 3210 1293 3253 e

167 3293 276 3357 multis
300 3292 397 3358 demis
416 3295 475 3358 sibi
498 3294 619 3376 elegit?
642 3293 721 3374 Quia
745 3293 857 3360 Suidus
882 3313 905 3358 s.
921 3313 951 3359 v.
968 3292 1148 3376 διαψήφισις
1170 3291 1292 3356 eosdem

168 3394 295 3459 attulit:
320 3397 405 3458 οίοι
429 3395 656 3481 Ἀχαρνεῖς
679 3400 774 3481 περὶ
798 3395 1061 3482 Ἀχαρνέων,
1097 3398 1293 3478 καὶπερὶ

168 3489 448 3563 Ἐλευσινίων
470 3499 507 3562 οί
530 3498 807 3564 Ἐλευσίνιοι.
862 3500 946 3563 Haeo
974 3500 1158 3580 scriptorum
1181 3499 1293 3563 simili-

164 3601 241 3664 tudo
264 3602 385 3665 occulte
400 3604 503 3683 potius
522 3621 614 3684 quem
631 3604 738 3685 aperto
762 3621 821 3667 non
839 3602 939 3667 solum
962 3601 1001 3665 ed
1016 3604 1135 3682 portem
1151 3602 1291 3682 priorem,

167 3722 261 3785 quam
284 3703 410 3786 Gregor.
434 3705 610 3771 Corinthius
633 3709 664 3769 in
688 3725 778 3770 usum
804 3725 894 3770 sunm
916 3704 1047 3781 vocavit,
1072 3705 1213 3785 pertinet,
1239 3704 1293 3768 sed

166 3805 264 3870 etiam
289 3805 327 3870 ed
350 3807 550 3888 posteriorem
573 3826 591 3872 e
612 3809 630 3891 β
651 3806 694 3870 22
715 3808 923 3891 incipientem.
1016 3865 1029 3876 ,

253 4010 348 4075 Μίσίι.
375 4013 468 4077 Pseu.
491 4012 509 4094 β
532 4015 587 4078 25.
840 4012 926 4076 snio.
951 4032 977 4076 s.
1003 4033 1030 4076 ν.
1054 4008 1226 4095 διαιτητάς.

166 4161 207 4227 Οί
231 4163 264 4227 δέ
288 4163 446 4249 διαιτηταὶ
477 4166 546 4248 (καὶ
568 4186 683 4251 πεντη-
780 4169 852 4241 τοὺς
874 4167 951 4250 ὑπὲρ
973 4166 1015 4229 50
1038 4167 1096 4251 ἐτη
1123 4162 1294 4250 γεγονότας

166 4266 339 4352 κοντσύτης
361 4269 445 4332 ἐστίν
462 4270 609 4352 ἕκαστος,
635 4269 684 4355 βε·
781 4271 835 4332 καί
863 4270 1026 4354 καθαροὺς
1057 4270 1162 4355 πάσης
1193 4267 1293 4344 αἰτίας
