2924 4928
720 342 763 406 89

179 548 320 630 (Ddbner
341 545 382 610 ll.
407 563 436 626 ρ.
462 545 536 610 489.
561 545 613 629 12)
647 546 685 612 ad
715 550 798 612 buno
819 547 921 612 locum
945 565 1004 612 non
1028 547 1127 613 solum
1150 547 1192 626 id,
1225 547 1306 631 quod

178 652 239 715 huc
267 649 394 732 spectat
416 649 448 713 et
470 649 755 731 interpretationem
779 669 884 716 revera
906 651 1042 735 adjuvat,
1075 651 1191 730 attulit,
1224 651 1254 715 b.
1279 671 1304 715 e.

162 756 217 819 ‘do
239 752 422 838 prytanibus
445 752 477 816 at
498 753 649 837 prytaoiis
673 754 806 832 disserit,
831 754 884 819 sed
907 753 1010 833 etiam,
1036 753 1109 836 quid
1131 763 1304 837 πρυτανεῖα

180 856 250 933 sint,
286 855 436 937 exposuit.
489 854 552 920 Gur
582 856 640 921 hoo
676 856 791 935 lecerit,
830 857 1009 941 intellegere
1040 876 1098 923 non
1131 876 1303 940 possumus,

179 960 239 1025 nisi
271 978 429 1024 sumamus
461 978 566 1025 omnes
600 963 662 1025 tras
685 961 805 1044 glossas
828 962 860 1025 ot
882 960 1044 1044 πρυτάνεις
1067 963 1099 1026 et
1121 961 1305 1044 πρυτανείας

179 1065 210 1128 et
231 1071 402 1146 πρυτανεῖα
425 1062 456 1127 in
479 1062 563 1127 fonte
586 1062 770 1129 scholiastae
797 1063 864 1147 jam
895 1064 1073 1147 conjunctas
1096 1063 1200 1141 luisse,
1233 1083 1305 1128 nam

179 1165 218 1229 ad
249 1165 353 1230 locum
383 1164 581 1230 Platonicum
612 1166 825 1248 explicandum
857 1175 1030 1249 speraretur
1053 1166 1203 1231 advehere
1227 1167 1305 1230 nihil

180 1286 257 1350 opus
280 1269 357 1335 arat.
401 1266 486 1346 Quae
510 1268 704 1335 ratiocinatio
727 1270 951 1352 comprobatur,
975 1270 1002 1334 si
1024 1269 1101 1334 alios
1124 1270 1206 1334 locos
1222 1289 1305 1334 com-

179 1370 331 1452 ponimus.
376 1368 459 1433 Nam
490 1370 549 1435 etsi
581 1371 778 1436 concedimus
809 1373 965 1436 auctorem
992 1372 1050 1436 lex.
1074 1371 1143 1455 Seg.
1168 1372 1205 1434 V.
1230 1370 1303 1436 291.

179 1475 209 1537 4.
236 1473 284 1538 ll.
310 1471 361 1551 15,
393 1473 474 1554 quod
506 1473 659 1539 similibus
687 1475 786 1539 verbis
809 1475 975 1556 eodemque
999 1474 1103 1539 ordine
1127 1474 1302 1558 πρυτάνεις,

178 1575 375 1660 πρυτανείας,
415 1585 587 1660 πρυτανεία
624 1596 698 1643 usus
735 1579 785 1656 sit,
824 1579 909 1644 casui
946 1579 1071 1643 cuidam
1105 1579 1304 1643 tribuendum

180 1697 256 1757 osse,
290 1681 394 1743 tamen
418 1679 468 1744 vir
490 1679 598 1745 eodem
621 1698 695 1745 casu
717 1681 853 1764 glossam
877 1680 1062 1745 Photianam
1087 1700 1112 1745 s.
1135 1701 1165 1745 r.
1188 1701 1303 1764 πρυτα-

179 1780 246 1845 νεία
268 1781 433 1846 conflatam
456 1800 523 1846 esse
545 1783 633 1847 nobis
656 1782 838 1864 persuadere
861 1792 1035 1865 possumus.
1093 1782 1178 1862 Quae
1200 1784 1304 1866 glossa

179 1885 223 1947 sio
254 1883 506 1948 manifestissime
539 1885 709 1967 composita
739 1887 796 1965 est,
828 1887 863 1951 ut
893 1887 982 1950 initio
1013 1887 1128 1951 similia
1154 1887 1305 1968 praebeat

178 2005 214 2050 ao
236 1987 295 2051 lor.
319 1984 389 2070 Seg.
415 1987 451 2052 V.
474 1986 548 2052 291.
574 1989 623 2066 11,
646 1989 715 2053 tum
737 1989 857 2054 mutato
880 1991 985 2054 ordine
1009 1990 1144 2072 primum
1168 1991 1205 2054 de
1228 2010 1304 2072 πρυ-

179 2099 288 2155 τανεῐα
320 2088 429 2154 deinda
460 2090 497 2154 de
529 2101 711 2174 speraretur
742 2094 845 2156 narret
876 2093 937 2156 fere
970 2092 1086 2170 eadem,
1120 2111 1197 2173 quae
1221 2092 1303 2174 apud

178 2194 275 2259 schol.
298 2192 379 2258 Plat.
410 2194 470 2259 alio
503 2195 608 2258 ordino
638 2196 781 2278 legimns.
829 2195 904 2259 Inde
936 2196 1074 2277 sequitur
1106 2196 1302 2260 scholiastam

180 2316 236 2362 nec
258 2316 318 2387 non
334 2297 480 2364 Photinrn
505 2299 633 2362 eundem
650 2299 767 2363 fontem
791 2300 850 2364 sibi
873 2299 1082 2381 acquisivisse,
1106 2299 1135 2361 in
1160 2317 1219 2379 qno
1238 2299 1302 2381 jam

179 2401 282 2465 omnia
315 2399 375 2464 tria
404 2402 552 2466 vocabula
575 2401 669 2466 simul
701 2402 853 2484 explicata
878 2404 974 2466 erant.
1020 2402 1076 2464 llle
1100 2403 1202 2464 mrtem
1226 2401 1302 2474 fons,

179 2504 299 2568 scilicet
320 2503 403 2568 idem
426 2503 543 2568 lexicon
575 2506 772 2582 rhetoricum,
804 2504 843 2570 ad
866 2504 947 2587 quod
970 2523 1062 2585 snpra
1085 2503 1203 2585 glossas
1227 2502 1302 2586 ἡγε-

179 2602 269 2689 μονία
305 2604 521 2691 δικαστηρίου,
561 2606 771 2691 θεσμοθετῶν
803 2605 973 2689 ἀνάκρισις,
1015 2605 1092 2669 alias
1116 2604 1303 2681 rettulimus

179 2709 210 2771 in
232 2708 339 2772 libello
361 2708 548 2774 Aristotelea
571 2711 693 2773 tantum
717 2709 866 2774 advoces
895 2707 1058 2791 πρυτάνεις
1081 2709 1111 2771 et
1133 2705 1302 2790 πρυτανεία

178 2811 375 2895 explicandas
411 2813 576 2878 materiam
613 2813 673 2878 sibi
710 2813 819 2877 utilem
856 2812 989 2890 invenit,
1027 2810 1064 2876 de
1103 2811 1302 2875 sacramentis

179 2914 283 2978 autem
300 2913 336 2995 ¹),
375 2933 453 2996 quae
485 2915 597 2980 Graeci
628 2925 800 2999 πρυτανεῖα
831 2916 1040 2992 nominabant,
1075 2916 1157 2978 hunc
1189 2914 1303 2978 librum

180 3017 295 3083 frustra
322 3017 463 3096 excussit,
497 3038 590 3100 quam
614 3020 652 3084 ob
676 3037 801 3084 cansam
825 3018 863 3083 ad
888 3020 1022 3083 oratores
1046 3018 1156 3082 atticos
1180 3018 1208 3081 ei
1231 3036 1302 3080 con·

179 3120 360 3202 fugiendum
384 3123 458 3186 erat.
504 3122 613 3188 Nonne
635 3123 717 3188 idem
741 3122 791 3187 hic
814 3123 930 3187 lactum
955 3140 1021 3186 esse
1042 3121 1194 3197 videmus,
1222 3120 1303 3202 qrvod

180 3223 271 3288 modo
302 3225 334 3288 in
366 3225 479 3310 glossis
511 3224 611 3311 κημάς
646 3227 677 3289 et
708 3226 857 3311 ἀμφορεῖς
889 3225 1190 3290 animadvertimus?
1235 3223 1305 3286 lllic

180 3325 327 3411 ἀμφορεῖς
349 3329 380 3412 in
404 3327 580 3393 Aristotelis
604 3329 751 3410 opusculo
775 3329 920 3411 explicati
942 3330 1044 3414 κημὸς
1076 3328 1218 3403 omissus,
1252 3326 1302 3388 hio

179 3438 351 3512 πρυτανεῖα
383 3431 497 3495 omissa
528 3441 712 3514 πρυτανεῖαι
744 3433 775 3496 et
806 3430 969 3514 πρυτάνεις
1001 3431 1151 3513 explicata
1184 3430 1302 3494 inveni-

178 3535 281 3597 untur.
333 3532 441 3615 Neque
480 3533 569 3598 aliter
607 3535 698 3616 atquo
736 3534 801 3599 illic
838 3534 942 3599 nostro
974 3534 1040 3598 loco
1073 3532 1130 3597 hae
1163 3532 1302 3614 singulae
1345 3557 1347 3561 ¹

180 3634 301 3717 glossae
324 3636 355 3700 in
379 3636 510 3719 singulis
532 3636 637 3702 lexicis
659 3636 820 3702 rhetoricis
843 3637 1014 3718 disjunctae
1037 3636 1198 3719 leguntur:

281 3735 444 3821 πρυτάνεις
466 3738 524 3804 lex.
555 3739 643 3804 Dem.
667 3741 684 3822 d
708 3739 750 3802 29
773 3759 803 3822 p.
830 3738 891 3802 140
914 3758 937 3802 s.
961 3739 983 3802 f.
1008 3738 1040 3803 ot
1062 3739 1079 3821 ξ
1101 3738 1152 3802 37.
1177 3757 1206 3820 p.
1232 3737 1301 3813 140,

178 3838 235 3903 lox.
260 3838 331 3922 Seg.
354 3837 391 3904 V.
415 3839 488 3904 291.
512 3841 542 3905 4.
568 3869 605 3897 =
630 3842 680 3906 ut.
704 3842 748 3907 M.
771 3841 845 3907 693.
870 3842 922 3920 53,
956 3841 1054 3924 Harp.
1078 3860 1101 3905 s.
1126 3861 1154 3905 v.
1186 3839 1301 3923 πρυτά-

179 3962 238 4017 νεις
263 3971 300 3998 =
324 3942 375 4008 Et.
398 3943 479 4007 Flor.
503 3943 550 4009 ed.
573 3945 687 4010 Miller.
710 3965 740 4028 p.
764 3945 838 4009 259.
861 3944 881 4008 7
905 3964 932 4010 a.
956 3946 975 4013 i.

179 4135 435 4147 ———-—...

282 4257 308 4324 l]
326 4261 431 4323 Bdclsh
450 4260 584 4315 Staatsh.³
604 4262 622 4314 l.
641 4277 665 4329 p.
684 4262 743 4314 416.
