2924 4928
712 371 752 434 61

167 573 198 636 in
222 573 280 637 hac
305 573 508 656 explicatione
531 575 729 655 acquiescunt
744 576 788 658 'lz
810 576 867 642 lex.
891 574 960 660 Seg.
977 575 1013 642 V.
1037 575 1109 640 275.
1127 575 1178 654 22,
1204 577 1293 643 Phot.

169 694 193 739 s,
218 695 246 739 u.
270 674 481 758 κωλακρέται,
504 675 563 740 lex.
587 675 674 741 Cant.
698 697 722 742 s.
744 697 785 756 u,
807 676 964 743 Timaeus.
988 678 1045 742 len.
1070 678 1191 744 Platon.
1217 699 1241 743 s.
1265 701 1294 758 v,

141 794 155 813 ‘
170 778 256 869 Soio.
280 798 304 842 s.
327 799 366 856 v.‚
391 778 486 844 schol.
502 781 556 843 Ar.
574 780 668 863 Vesp.
682 781 755 856 695,
780 782 911 865 Hesyoh.
938 803 962 848 s.
980 804 1007 848 v.
1028 803 1123 868 usquo
1146 784 1184 848 erl
1200 784 1293 850 Mich.

169 881 302 966 Psell.²)
326 901 393 965 cap.
415 882 466 950 34.
512 883 578 963 Quo
600 885 678 949 nihil
700 885 888 951 luculentius
912 888 1058 967 declarat,
1082 907 1174 971 quam
1197 906 1296 970 pauca

169 985 207 1049 de
230 985 321 1050 huius
344 985 549 1070 magistratus
573 988 684 1052 officiis
708 988 792 1053 aetas
808 990 959 1072 posterior
975 992 1130 1073 comperta
1143 991 1294 1056 habuerit.

168 1089 277 1171 Neque
299 1088 358 1154 hoc
381 1090 520 1156 futurum
540 1090 633 1155 luisse
657 1091 756 1167 oredo,
781 1092 807 1155 si
823 1092 1018 1172 Aristoteles,
1043 1094 1075 1158 at
1098 1113 1157 1159 non
1172 1092 1296 1157 Andro-

168 1191 234 1256 tion
274 1191 367 1256 huius
408 1192 609 1276 magistratus
642 1194 674 1257 in
707 1194 814 1258 libello
847 1214 902 1259 suo
936 1197 1124 1260 mentionem
1163 1196 1293 1260 fecisset.

170 1292 255 1372 Quae
278 1312 348 1358 oum
370 1295 415 1359 ita
447 1295 519 1373 sint,
550 1295 691 1360 lubenter
714 1297 924 1381 Stojentino³)
949 1298 1124 1376 concedam,
1157 1317 1204 1362 eaw
1224 1317 1295 1379 quo-

169 1415 238 1478 que,
275 1415 353 1478 quae
383 1397 617 1481 lexicographus
650 1400 792 1464 misellus
824 1399 895 1481 Seg.
928 1401 1079 1466 lv.190.
1113 1401 1153 1463 15
1184 1401 1295 1475 tradat,

168 1498 240 1562 inde
268 1492 418 1580 originem
451 1519 539 1564 suam
571 1500 681 1566 ducere
712 1521 809 1584 neque
844 1503 926 1566 hunc
948 1502 985 1566 de
1004 1502 1138 1586 juridica
1162 1502 1293 1584 quadam

171 1603 393 1668 colaoretarum
415 1605 569 1685 potestate
592 1605 688 1686 loqui.
724 1605 929 1671 Enuntiatum
946 1606 1083 1670 Pollucis
1107 1606 1296 1686 postremum

171 1706 257 1790 εἶχον
279 1703 306 1768 δ’
327 1703 470 1783 ἐξουσίαν
492 1726 588 1790 nsque
612 1708 651 1772 ad
673 1708 767 1772 finem
789 1708 973 1792 paragraphi
1006 1709 1065 1773 etsi
1096 1727 1112 1773 o
1147 1707 1239 1791 Lysia
1265 1706 1294 1769 9.

170 1808 359 1874 lhaustum
384 1828 443 1874 non
468 1810 564 1891 est⁴)‚
596 1812 699 1875 tamen
734 1811 904 1877 similitudo
939 1831 1009 1876 oum
1043 1811 1144 1876 verbis
1168 1811 1298 1874 oratoris

170 1913 258 1976 attici
290 1913 407 1978 fontem
440 1914 526 1978 nobis
559 1914 692 1980 indicet:
726 1915 843 1979 lexicon
867 1915 1063 1993 rhetoricum,
1101 1913 1296 1979 adoratores

172 2016 282 2080 atticos
304 2015 552 2096 interpretandos
575 2018 790 2099 compositum.
847 2017 963 2081 Locum
988 2017 1025 2080 de
1048 2017 1205 2099 apodeolis
1229 2018 1297 2081 Sto-

167 2118 304 2201 jentin⁵l
336 2119 496 2184 oolaoretis
527 2120 723 2202 transpositis
751 2121 851 2184 totum
877 2121 915 2185 ad
939 2121 1162 2186 Androtionem
1184 2120 1296 2184 referre

171 2222 248 2286 vult.
294 2221 372 2287 Cum
395 2223 487 2287 verba
510 2222 683 2287 ἐκαλοῦντο
706 2222 732 2286 δ’
746 2226 832 2287 οὗτοι
855 2223 1056 2307 κωλακρέται
1079 2223 1118 2288 ad
1141 2223 1184 2299 εἰς
1206 2222 1297 2286 δικα-

173 2324 299 2411 στήριον
331 2326 484 2391 roioienda
513 2346 579 2392 esse
604 2329 788 2410 negaverim,
820 2346 879 2392 non
907 2328 1014 2407 habeo,
1046 2346 1100 2392 our
1131 2327 1201 2390 huic
1234 2345 1297 2390 sen-

172 2429 287 2494 tentiae
310 2429 489 2511 adstipuler.
545 2431 724 2496 Uberiorem
747 2431 870 2514 quidem
893 2432 1008 2495 fontem
1033 2449 1051 2494 a
1072 2429 1200 2493 Polluce
1224 2447 1297 2493 oon·

172 2532 305 2597 tractum
337 2551 403 2596 esse
430 2533 497 2616 jam
527 2533 599 2598 inde
631 2536 768 2617 apparet,
801 2534 882 2615 quod
914 2532 1006 2597 verba
1034 2531 1061 2593 ei
1084 2530 1117 2593 δέ
1140 2551 1168 2592 τι
1192 2530 1298 2613 μεῖζον

173 2636 222 2721 εἴη
256 2636 361 2718 utique
393 2636 560 2718 postulant,
593 2639 629 2702 ut
660 2639 750 2702 antea
783 2639 820 2703 de
843 2636 1013 2700 minoribus
1037 2653 1090 2699 seu
1112 2633 1221 2697 multis
1243 2651 1299 2697 seu

172 2739 351 2804 criminibus
376 2740 569 2823 disputatum
602 2741 653 2819 sit,
684 2741 765 2824 quod
797 2740 997 2808 desideratur.
1053 2738 1151 2818 Quem
1174 2737 1296 2801 Andro-

172 2842 289 2907 tionem
312 2843 407 2908 fuisse
429 2844 465 2908 ut
487 2844 671 2923 statuamus.
695 2845 781 2909 nulla
803 2846 921 2909 ratione
944 2844 1093 2927 cogimur.
1138 2842 1205 2905 Hoc
1227 2842 1297 2905 tan-

172 2949 240 3009 tum
273 2945 426 3012 affirmare
460 2965 642 3030 possumne,
680 2948 881 3014 Aristotelem
916 2967 976 3012 non
1009 2948 1191 3029 usurpatum
1223 2962 1300 3010 esse.

173 3047 251 3114 Cum
274 3049 355 3114 enim
380 3051 474 3116 ceteri
505 3051 723 3134 lexicographi,
752 3052 848 3134 Herp.
882 3071 905 3116 s.
928 3071 957 3116 v.
990 3049 1176 3132 ἀποδέκται,
1210 3048 1297 3112 lexic.

174 3152 245 3236 Seg.
268 3153 306 3218 V.
327 3152 397 3219 198.
423 3155 440 3216 l
466 3181 505 3210 =
528 3156 585 3220 lex.
611 3156 681 3238 Seg.
705 3155 759 3220 Vl.
782 3154 855 3221 427.
880 3155 929 3232 13,
955 3155 1038 3220 Suid.
1064 3173 1089 3218 s.
1112 3173 1142 3218 v.
1164 3153 1212 3234 (ex
1235 3155 1301 3233 epi·

173 3256 257 3321 tome
280 3256 391 3341 Herp.)
413 3257 600 3323 Aristotelea
624 3260 690 3324 sola
711 3257 851 3334 reddent,
883 3257 1059 3340 conjecture
1090 3255 1224 3337 quadam
1248 3272 1301 3316 as-

174 3469 435 3478 ——u-——-

280 3607 306 3674 1)
335 3605 405 3659 Sero
435 3605 548 3672 inspexi
580 3604 848 3658 commentationem
878 3602 961 3667 Leop.
992 3599 1099 3660 Uelanii,
1127 3598 1162 3650 de
1192 3596 1299 3649 Aristo·

173 3692 266 3758 phane
277 3691 418 3760 Byzantio
438 3692 466 3745 et
484 3690 620 3744 Suetonio
634 3689 796 3756 Tranquillo
812 3686 955 3741 Eustathii
969 3684 1133 3739 auctoribus
1150 3683 1196 3736 in:
1214 3681 1301 3735 lhbb..

173 3777 220 3831 fiir
237 3777 309 3831 Phil.
345 3777 503 3845 Suppl-Bd.
521 3776 576 3829 XX
604 3776 669 3830 1881
688 3791 713 3842 p.
733 3775 790 3828 297.
819 3787 882 3827 aun.
901 3772 943 3835 32,
971 3772 1019 3824 ubi
1037 3771 1111 3824 idem
1126 3768 1184 3836 jam
1205 3767 1298 3822 obser·

174 3864 273 3917 vetum
294 3863 418 3917 invenio.

154 3992 155 3995 ,
279 3946 305 4015 2)
332 3946 392 4015 περὶ
418 3949 471 3997 τῶν
497 3945 631 4008 ὀνομάτων
657 3949 708 3996 τῶν
735 3945 810 3996 δικῶν
838 3945 879 3997 ed.
899 3941 1000 4010 iligna,
1018 3941 1160 4006 Patrolog.
1180 3952 1304 4006 graecae

174 4047 276 4087 cursus
296 4034 452 4100 completus
470 4033 537 4085 tom.
558 4031 615 4084 122.
633 4046 659 4098 p.
681 4029 859 4084 root-1022.

279 4119 308 4184 3)
334 4120 351 4172 l.
370 4118 387 4171 l.
406 4133 431 4185 p.
452 4118 492 4171 19.

278 4205 307 4267 4)
335 4203 477 4272 Stojentin
496 4203 513 4256 l.
533 4201 550 4256 l.
570 4219 594 4271 p.
616 4204 655 4258 19.

278 4292 309 4356 5)
336 4291 354 4344 l.
367 4291 384 4344 l.
402 4305 428 4357 p.
446 4289 485 4344 18.
