2924 4928
706 337 749 398 88

164 543 245 608 hunc
267 542 392 624 quidem
415 541 484 622 ipso
498 539 667 605 Aristotele
689 558 778 605 usum
803 557 869 605 3333
885 538 1057 604 similitudo
1073 558 1143 605 cum
1159 539 1290 608 Polluce

163 645 260 711 vetat.
304 644 386 727 Ergo
413 643 542 726 uterque
564 642 604 708 ad
626 661 721 708 unum
744 643 936 724 eundemque
958 641 1075 707 fontem
1097 641 1289 709 revocandus

165 750 222 815 est.
266 747 361 814 Cuius
383 746 477 813 fontis
500 765 673 813 sermonem
695 746 790 812 schol.
807 745 938 812 Aristot.
961 747 1037 812 satis
1060 747 1218 828 integrum
1241 765 1290 812 re-

164 852 293 936 liquisse
315 850 447 929 videtur,
470 849 553 933 quod
572 850 638 935 jam
660 869 696 915 ca
717 870 751 914 13
766 850 992 932 comprobatur,
1015 850 1089 932 qnia
1101 850 1199 915 testes
1214 849 1290 916 (ira-

164 956 274 1032 tinum,
292 952 484 1035 Sophoclem,
503 953 704 1017 Aristotelem
725 972 786 1017 non
801 952 933 1017 resecuit
947 953 979 1017 et
993 951 1127 1034 ineptiae
1143 951 1290 1017 33313113

164 1057 388 1140 leucographis
410 1056 442 1120 in
459 1055 518 1121 hac
532 1056 637 1137 glossa
651 1057 789 1139 prolatae
804 1055 876 1121 indo
891 1055 1039 1120 facillime
1053 1054 1290 1138 intelleguntur.

164 1159 291 1225 Glossas
314 1159 397 1223 enim
419 1156 521 1243 κημὸς
543 1158 576 1222 31
596 1158 756 1243 ἀμφορεῖς,
781 1177 858 1242 3333
876 1158 960 1241 apud
973 1158 1134 1224 Pollucem
1150 1159 1184 1222 et
1199 1157 1290 1222 scho-

163 1263 290 1328 liastam
321 1261 501 1344 conjunctae
532 1261 685 1344 leguntur,
717 1261 888 1348 disjunctae
920 1262 1009 1328 nobis
1039 1261 1122 1344 apud
1153 1261 1231 1327 alios
1258 1263 1291 1325 et

164 1364 395 1448 lexicographos
426 1365 458 1429 31
488 1364 671 1430 scholiastes
702 1367 874 1430 occurrunt.
927 1366 1043 1430 Vocem
1066 1363 1169 1451 κημὸς
1191 1365 1291 1428 13131·

164 1470 325 1552 protentus·
347 1468 428 1532 Poll.
452 1468 605 1547 111117,
628 1468 720 1534 Phot.
744 1488 768 1533 3.
791 1489 821 1534 n.
843 1498 880 1525 =
905 1467 991 1534 Suid.
1014 1469 1057 1553 gl.
1080 1469 1110 1547 2,
1135 1468 1193 1534 lex.
1216 1468 1289 1549 Sag.

163 1572 201 1637 V.
221 1570 295 1636 275.
312 1570 362 1650 28,
386 1571 444 1636 131.
461 1571 548 1636 Cant.
566 1592 591 1638 s.
607 1592 647 1650 1.,
669 1573 804 1657 Hesych.
828 1592 851 1636 s.
876 1592 915 1651 1.,
940 1573 1035 1637 schol.
1052 1572 1106 1636 Ar.
1123 1571 1218 1653 Vesp.
1234 1569 1290 1634 99.

163 1674 225 1753 Qui
248 1676 283 1755 si
314 1675 421 1740 dicunt
451 1674 509 1740 1133
539 1676 701 1741 vasculum
732 1677 834 1742 simile
866 1677 960 1741 131333
991 1677 1089 1761 ἠθμῷ
1111 1675 1160 1740 131
1183 1673 1287 1760 gosp,

164 1777 221 1841 hoc
245 1777 428 1843 vocabulum
452 1776 628 1860 Sophocles,
651 1778 730 1842 illud
753 1777 897 1844 Cratinus
920 1799 935 1842 o
959 1778 1064 1860 glossa
1085 1776 1222 1859 pleniore
1245 1777 1289 1840 eis

165 1879 449 1962 suppeditaverunt.
508 1880 620 1946 Contra
653 1882 713 1946 soli
746 1881 894 1947 vocabulo
929 1882 1078 1967 ἀμφορεῖς
1109 1880 1289 1963 explicando

165 1984 260 2048 schol.
283 1983 337 2048 Ar.
361 1982 454 2064 Vesp.
477 1983 540 2046 987
564 2002 688 2066 operam
711 1984 806 2049 dedit.

165 2239 200 2320 k)
234 2241 262 2302 in
295 2240 410 2320 glossis
441 2227 695 2321 πρυτάνεις,
728 2237 990 2322 πρυτανεία,
1023 2247 1286 2323 πρυτανεῖα,

531 2341 659 2426 κυρία
691 2341 923 2426 ἐκκλησία.
1304 2334 1312 2343 ”

265 2497 336 2563 dam
349 2497 557 2565 Wilamowitz
569 2497 595 2581 ¹)
608 2490 883 2573 animadverterat,
907 2499 1056 2579 posteros,
1079 2495 1289 2579 quidcumque

165 2601 202 2664 de
233 2600 386 2666 institutis
413 2600 614 2683 judicialibus
646 2602 833 2680 enarrarent,
864 2620 900 2665 311
930 2600 1098 2666 Aristotele
1130 2599 1289 2682 cognitum

164 2703 285 2768 hahere.
339 2703 428 2783 Quod
460 2707 487 2770 si
517 2704 550 2769 hi
582 2706 704 2789 saepius
728 2706 905 2770 erraverunt
928 2706 960 2768 31
982 2702 1061 2768 13133
1083 2702 1288 2778 tradiderunt,

164 2825 223 2869 non
248 2807 347 2870 solum
370 2808 507 2888 ipsorum
530 2809 699 2890 33133331,
725 2808 778 2873 sed
797 2808 865 2891 jam
888 2808 965 2885 3133,
988 2807 1041 2890 331
1063 2807 1181 2889 primns
1196 2805 1289 2869 libel·

165 2908 232 2972 lum
260 2908 297 2972 de
319 2909 491 2991 Republica
513 2911 749 2975 Atheniensium
772 2911 830 2976 hoc
853 2911 981 2976 consilio
1004 2909 1157 2992 spoliavit.
1203 2907 1290 2987 Quae

165 3011 285 3091 glossae
317 3011 355 3075 ab
379 3013 439 3076 alio
462 3014 561 3097 magis
585 3015 623 3078 ab
648 3016 708 3080 3113
730 3015 834 3080 1111333
857 3015 1022 3098 diligenter
1045 3012 1213 3095 exscriptae
1236 3030 1289 3076 31--

148 3103 347 3195 Ι3313133333
369 3117 400 3178 13
422 3133 459 3179 33
480 3116 655 3198 glossarum
678 3135 803 3199 corpora
830 3117 1045 3200 pervenerunt,
1076 3134 1153 3198 quae
1176 3115 1289 3179 otiam·

164 3234 245 3279 nnnc
267 3216 423 3298 leguntur.
468 3219 571 3301 Atque
598 3240 669 3285 oum
691 3220 877 3287 Aristoteles
900 3221 937 3286 de
960 3221 1008 3284 his
1031 3219 1123 3284 rebus
1146 3217 1290 3283 diffusius

165 3317 359 3385 disseruisset
381 3341 478 3404 neque
501 3323 703 3388 minutiarum
725 3323 841 3388 oblitus
864 3325 954 3404 33331,
985 3325 1015 3389 13
1050 3323 1103 3401 eis,
1136 3338 1215 3404 3333
1237 3319 1289 3384 hic

165 3422 329 3488 memoriae
352 3423 496 3504 prodidit,
528 3427 555 3490 is
579 3427 631 3509 qui
654 3428 771 3509 primus
798 3427 919 3509 glossas
951 3427 1063 3511 coegit,
1094 3423 1288 3506 acquiescere

164 3523 266 3604 potuit
289 3526 320 3589 et
341 3545 446 3590 revera
468 3529 632 3610 acquievit.
676 3529 737 3594 Sed
766 3530 845 3594 ratio
876 3530 945 3611 ipsa
975 3531 1055 3594 inter
1087 3526 1287 3593 Aristotelem

163 3625 195 3689 et
225 3627 315 3692 111313
347 3630 519 3710 glossarum
551 3632 730 3713 scriptorem
761 3633 942 3714 primarium
974 3633 1006 3696 in
1037 3634 1128 3698 rebus
1155 3629 1289 3715 publicis

164 3746 223 3791 non
247 3727 308 3793 alia
331 3731 378 3794 est
400 3732 493 3814 atque
513 3733 546 3796 in
568 3733 661 3798 rebus
679 3734 891 3817 judicialibus.
936 3734 1031 3800 Cuius
1053 3736 1098 3800 rei
1120 3734 1288 3800 documen·

163 3829 230 3892 tum
254 3831 330 3897 33113
354 3833 546 3899 13331331331
576 3834 681 3913 11311,
713 3836 795 3919 quod
826 3837 942 3918 posteri
974 3837 1012 3903 do
1043 3835 1225 3921 prytanibus
1257 3837 1290 3900 et

164 3935 313 4016 prytaniis
351 3938 486 4003 narrant.
542 3938 716 4004 Scholiasta
752 3940 893 4005 Platonis
929 3942 1011 4025 legg.
1049 3940 1122 4005 Xll.
1160 3938 1224 4002 953
1263 3939 1289 4002 O

168 4128 423 4139 ——-—.-.—

269 4248 328 4316 111.
347 4249 364 4302 l.
383 4248 402 4302 1.
421 4264 446 4317 p.
464 4250 524 4303 204.
