<?xml version="1.0" encoding="UTF-8"?>
<!DOCTYPE html PUBLIC "-//W3C//DTD XHTML 1.0 Transitional//EN"
    "http://www.w3.org/TR/xhtml1/DTD/xhtml1-transitional.dtd">
<html xmlns="http://www.w3.org/1999/xhtml" xml:lang="en" lang="en">
 <head>
  <title>
</title>
<meta http-equiv="Content-Type" content="text/html;charset=utf-8" />
  <meta name='ocr-system' content='tesseract 3.04.00' />
  <meta name='ocr-capabilities' content='ocr_page ocr_carea ocr_par ocr_line ocrx_word'/>
</head>
<body>
  <div class='ocr_page' id='page_1' title='image "./dearistotelispo00bursgoog_0092.png"; bbox 0 0 2924 4928; ppageno 0'>
   <div class='ocr_carea' id='block_1_1' title="bbox 702 385 744 449">
    <p class='ocr_par' dir='ltr' id='par_1_1' title="bbox 702 385 744 449">
     <span class='ocr_line' id='line_1_1' title="bbox 702 385 744 449; baseline 0 0"><span class='ocrx_word' id='word_1_1' title='bbox 702 385 744 449; x_wconf 78' lang='grc'><strong>67</strong></span> 
     </span>
    </p>
   </div>
   <div class='ocr_carea' id='block_1_2' title="bbox 145 588 1358 3544">
    <p class='ocr_par' dir='ltr' id='par_1_2' title="bbox 149 588 1358 1683">
     <span class='ocr_line' id='line_1_2' title="bbox 153 588 1358 672; baseline 0.002 -21"><span class='ocrx_word' id='word_1_2' title='bbox 153 588 337 672; x_wconf 87' lang='lat' dir='ltr'><strong>certumque</strong></span> <span class='ocrx_word' id='word_1_3' title='bbox 360 589 516 672; x_wconf 90' lang='lat' dir='ltr'><strong>judicium</strong></span> <span class='ocrx_word' id='word_1_4' title='bbox 539 590 577 654; x_wconf 88' lang='lat' dir='ltr'><strong>de</strong></span> <span class='ocrx_word' id='word_1_5' title='bbox 601 591 739 656; x_wconf 81' lang='lat' dir='ltr'><strong>Pollucis</strong></span> <span class='ocrx_word' id='word_1_6' title='bbox 761 591 884 672; x_wconf 81' lang='lat' dir='ltr'><strong>ingenio</strong></span> <span class='ocrx_word' id='word_1_7' title='bbox 907 589 1011 655; x_wconf 84' lang='lat' dir='ltr'><strong>faciet.</strong></span> <span class='ocrx_word' id='word_1_8' title='bbox 1054 588 1197 654; x_wconf 83' lang='lat' dir='ltr'><strong>Vidimus</strong></span> <span class='ocrx_word' id='word_1_9' title='bbox 1220 608 1280 654; x_wconf 93' lang='lat' dir='ltr'><strong>nou</strong></span> <span class='ocrx_word' id='word_1_10' title='bbox 1355 649 1358 654; x_wconf 89' lang='lat'>.</span> 
     </span>
     <span class='ocr_line' id='line_1_3' title="bbox 153 692 1281 778; baseline 0.003 -24"><span class='ocrx_word' id='word_1_11' title='bbox 153 692 247 756; x_wconf 91' lang='lat' dir='ltr'><strong>nimis</strong></span> <span class='ocrx_word' id='word_1_12' title='bbox 269 692 375 774; x_wconf 91' lang='lat' dir='ltr'><strong>iniquo</strong></span> <span class='ocrx_word' id='word_1_13' title='bbox 397 712 416 757; x_wconf 90' lang='lat' dir='ltr'><strong>a</strong></span> <span class='ocrx_word' id='word_1_14' title='bbox 439 693 614 777; x_wconf 80' lang='lat' dir='ltr'><strong>StoJentino</strong></span> <span class='ocrx_word' id='word_1_15' title='bbox 628 693 653 776; x_wconf 85' lang='lat'><strong>¹)</strong></span> <span class='ocrx_word' id='word_1_16' title='bbox 682 694 856 778; x_wconf 88' lang='lat' dir='ltr'><strong>judicatum</strong></span> <span class='ocrx_word' id='word_1_17' title='bbox 888 711 953 757; x_wconf 87' lang='lat' dir='ltr'><strong>esse</strong></span> <span class='ocrx_word' id='word_1_18' title='bbox 979 692 1099 757; x_wconf 89' lang='lat' dir='ltr'><strong>dicente</strong></span> <span class='ocrx_word' id='word_1_19' title='bbox 1120 692 1281 758; x_wconf 86' lang='lat' dir='ltr'>Pollucem</span> 
     </span>
     <span class='ocr_line' id='line_1_4' title="bbox 153 795 1279 879; baseline 0.004 -23"><span class='ocrx_word' id='word_1_20' title='bbox 153 795 255 878; x_wconf 87' lang='lat' dir='ltr'><strong>magis</strong></span> <span class='ocrx_word' id='word_1_21' title='bbox 278 796 398 860; x_wconf 88' lang='lat' dir='ltr'><strong>scribae</strong></span> <span class='ocrx_word' id='word_1_22' title='bbox 421 814 515 879; x_wconf 89' lang='lat' dir='ltr'><strong>quam</strong></span> <span class='ocrx_word' id='word_1_23' title='bbox 534 797 695 878; x_wconf 81' lang='lat' dir='ltr'><strong>scriptoris</strong></span> <span class='ocrx_word' id='word_1_24' title='bbox 710 815 836 861; x_wconf 89' lang='lat' dir='ltr'><strong>munero</strong></span> <span class='ocrx_word' id='word_1_25' title='bbox 850 797 991 860; x_wconf 85' lang='lat' dir='ltr'><strong>functum</strong></span> <span class='ocrx_word' id='word_1_26' title='bbox 1007 814 1084 860; x_wconf 88' lang='lat' dir='ltr'><strong>esse.</strong></span> <span class='ocrx_word' id='word_1_27' title='bbox 1122 795 1279 876; x_wconf 76' lang='lat' dir='ltr'><strong>Expressa</strong></span> 
     </span>
     <span class='ocr_line' id='line_1_5' title="bbox 153 897 1278 981; baseline 0.003 -21"><span class='ocrx_word' id='word_1_28' title='bbox 153 916 258 961; x_wconf 85' lang='lat' dir='ltr'><strong>rorum</strong></span> <span class='ocrx_word' id='word_1_29' title='bbox 275 898 448 962; x_wconf 79' lang='lat' dir='ltr'><strong>Atticarum</strong></span> <span class='ocrx_word' id='word_1_30' title='bbox 474 899 670 981; x_wconf 83' lang='lat' dir='ltr'><strong>publicarum</strong></span> <span class='ocrx_word' id='word_1_31' title='bbox 694 901 843 963; x_wconf 82' lang='lat' dir='ltr'><strong>memoria</strong></span> <span class='ocrx_word' id='word_1_32' title='bbox 866 899 1041 963; x_wconf 86' lang='lat' dir='ltr'><strong>hominihus</strong></span> <span class='ocrx_word' id='word_1_33' title='bbox 1057 899 1090 964; x_wconf 94' lang='grc' dir='ltr'><strong>ΙΙ.</strong></span> <span class='ocrx_word' id='word_1_34' title='bbox 1108 917 1139 980; x_wconf 91' lang='lat' dir='ltr'><strong>p.</strong></span> <span class='ocrx_word' id='word_1_35' title='bbox 1155 897 1230 962; x_wconf 76' lang='grc'><strong>0111.</strong></span> <span class='ocrx_word' id='word_1_36' title='bbox 1247 918 1278 963; x_wconf 91' lang='lat' dir='ltr'><strong>n.</strong></span> 
     </span>
     <span class='ocr_line' id='line_1_6' title="bbox 152 999 1280 1082; baseline 0 -18"><span class='ocrx_word' id='word_1_37' title='bbox 152 1001 271 1064; x_wconf 85' lang='lat' dir='ltr'><strong>saeculi</strong></span> <span class='ocrx_word' id='word_1_38' title='bbox 301 1003 364 1082; x_wconf 82' lang='lat' dir='ltr'><strong>jem</strong></span> <span class='ocrx_word' id='word_1_39' title='bbox 400 1021 461 1065; x_wconf 91' lang='lat' dir='ltr'><strong>non</strong></span> <span class='ocrx_word' id='word_1_40' title='bbox 496 1006 566 1065; x_wconf 84' lang='lat' dir='ltr'><strong>ente</strong></span> <span class='ocrx_word' id='word_1_41' title='bbox 605 1003 717 1065; x_wconf 83' lang='lat' dir='ltr'><strong>oculos</strong></span> <span class='ocrx_word' id='word_1_42' title='bbox 741 1002 931 1066; x_wconf 82' lang='lat' dir='ltr'><strong>versabatur.</strong></span> <span class='ocrx_word' id='word_1_43' title='bbox 976 999 1023 1065; x_wconf 92' lang='lat' dir='ltr'><strong>Do</strong></span> <span class='ocrx_word' id='word_1_44' title='bbox 1055 1000 1167 1082; x_wconf 88' lang='lat' dir='ltr'><strong>quibus</strong></span> <span class='ocrx_word' id='word_1_45' title='bbox 1189 1001 1280 1065; x_wconf 88' lang='lat' dir='ltr'><strong>rebus</strong></span> 
     </span>
     <span class='ocr_line' id='line_1_7' title="bbox 152 1101 1280 1184; baseline 0 -18"><span class='ocrx_word' id='word_1_46' title='bbox 152 1119 366 1184; x_wconf 88' lang='lat' dir='ltr'><strong>quaecumque</strong></span> <span class='ocrx_word' id='word_1_47' title='bbox 388 1102 438 1166; x_wconf 95' lang='lat' dir='ltr'><strong>illi</strong></span> <span class='ocrx_word' id='word_1_48' title='bbox 459 1102 600 1168; x_wconf 90' lang='lat' dir='ltr'><strong>homines</strong></span> <span class='ocrx_word' id='word_1_49' title='bbox 625 1103 728 1168; x_wconf 90' lang='lat' dir='ltr'><strong>sciunt</strong></span> <span class='ocrx_word' id='word_1_50' title='bbox 749 1104 803 1167; x_wconf 89' lang='lat' dir='ltr'><strong>aut</strong></span> <span class='ocrx_word' id='word_1_51' title='bbox 818 1122 850 1167; x_wconf 94' lang='lat' dir='ltr'><strong>se</strong></span> <span class='ocrx_word' id='word_1_52' title='bbox 872 1103 950 1167; x_wconf 89' lang='lat' dir='ltr'><strong>scire</strong></span> <span class='ocrx_word' id='word_1_53' title='bbox 972 1102 1130 1180; x_wconf 75' lang='lat' dir='ltr'><strong>simulant,</strong></span> <span class='ocrx_word' id='word_1_54' title='bbox 1154 1121 1170 1166; x_wconf 93' lang='grc'><strong>1</strong></span> <span class='ocrx_word' id='word_1_55' title='bbox 1192 1101 1280 1166; x_wconf 91' lang='lat' dir='ltr'><strong>libris</strong></span> 
     </span>
     <span class='ocr_line' id='line_1_8' title="bbox 152 1203 1279 1289; baseline 0 -20"><span class='ocrx_word' id='word_1_56' title='bbox 152 1206 279 1289; x_wconf 85' lang='lat' dir='ltr'><strong>experta</strong></span> <span class='ocrx_word' id='word_1_57' title='bbox 293 1206 418 1283; x_wconf 86' lang='lat' dir='ltr'><strong>habent,</strong></span> <span class='ocrx_word' id='word_1_58' title='bbox 443 1224 459 1270; x_wconf 91' lang='grc'><strong>1</strong></span> <span class='ocrx_word' id='word_1_59' title='bbox 483 1207 549 1271; x_wconf 85' lang='lat' dir='ltr'><strong>suis</strong></span> <span class='ocrx_word' id='word_1_60' title='bbox 573 1204 650 1270; x_wconf 92' lang='lat' dir='ltr'><strong>nihil</strong></span> <span class='ocrx_word' id='word_1_61' title='bbox 672 1205 731 1287; x_wconf 90' lang='lat' dir='ltr'><strong>ipsi</strong></span> <span class='ocrx_word' id='word_1_62' title='bbox 757 1205 883 1270; x_wconf 85' lang='lat' dir='ltr'><strong>addunt.</strong></span> <span class='ocrx_word' id='word_1_63' title='bbox 923 1205 972 1268; x_wconf 85' lang='lat' dir='ltr'><strong>Ita</strong></span> <span class='ocrx_word' id='word_1_64' title='bbox 986 1203 1098 1270; x_wconf 83' lang='lat' dir='ltr'>Pollux</span> <span class='ocrx_word' id='word_1_65' title='bbox 1119 1224 1152 1269; x_wconf 91' lang='lat' dir='ltr'><strong>se</strong></span> <span class='ocrx_word' id='word_1_66' title='bbox 1173 1207 1279 1288; x_wconf 83' lang='lat' dir='ltr'><strong>gessit,</strong></span> 
     </span>
     <span class='ocr_line' id='line_1_9' title="bbox 150 1307 1279 1392; baseline 0 -19"><span class='ocrx_word' id='word_1_67' title='bbox 150 1327 250 1392; x_wconf 91' lang='lat' dir='ltr'><strong>neque</strong></span> <span class='ocrx_word' id='word_1_68' title='bbox 273 1309 365 1374; x_wconf 86' lang='lat' dir='ltr'><strong>aliter</strong></span> <span class='ocrx_word' id='word_1_69' title='bbox 374 1309 611 1392; x_wconf 80' lang='lat' dir='ltr'><strong>Harpocration,</strong></span> <span class='ocrx_word' id='word_1_70' title='bbox 634 1308 695 1372; x_wconf 88' lang='lat' dir='ltr'><strong>nisi</strong></span> <span class='ocrx_word' id='word_1_71' title='bbox 718 1308 799 1391; x_wconf 88' lang='lat' dir='ltr'><strong>qnod</strong></span> <span class='ocrx_word' id='word_1_72' title='bbox 820 1308 870 1373; x_wconf 90' lang='lat' dir='ltr'><strong>hic</strong></span> <span class='ocrx_word' id='word_1_73' title='bbox 892 1309 981 1374; x_wconf 91' lang='lat' dir='ltr'><strong>illum</strong></span> <span class='ocrx_word' id='word_1_74' title='bbox 1004 1307 1064 1372; x_wconf 89' lang='lat' dir='ltr'><strong>fide</strong></span> <span class='ocrx_word' id='word_1_75' title='bbox 1086 1310 1177 1391; x_wconf 79' lang='lat' dir='ltr'><strong>atque</strong></span> <span class='ocrx_word' id='word_1_76' title='bbox 1199 1311 1279 1374; x_wconf 86' lang='lat' dir='ltr'><strong>veri-</strong></span> 
     </span>
     <span class='ocr_line' id='line_1_10' title="bbox 150 1409 1279 1496; baseline -0.001 -21"><span class='ocrx_word' id='word_1_77' title='bbox 150 1413 216 1475; x_wconf 89' lang='lat' dir='ltr'><strong>tate</strong></span> <span class='ocrx_word' id='word_1_78' title='bbox 240 1430 427 1496; x_wconf 83' lang='lat' dir='ltr'>magnopere</span> <span class='ocrx_word' id='word_1_79' title='bbox 452 1412 587 1494; x_wconf 89' lang='lat' dir='ltr'><strong>superat.</strong></span> <span class='ocrx_word' id='word_1_80' title='bbox 633 1409 703 1476; x_wconf 88' lang='lat' dir='ltr'><strong>Nou</strong></span> <span class='ocrx_word' id='word_1_81' title='bbox 727 1412 828 1475; x_wconf 91' lang='lat' dir='ltr'><strong>solum</strong></span> <span class='ocrx_word' id='word_1_82' title='bbox 849 1411 949 1476; x_wconf 84' lang='lat' dir='ltr'><strong>fontes</strong></span> <span class='ocrx_word' id='word_1_83' title='bbox 973 1429 1043 1476; x_wconf 88' lang='lat' dir='ltr'><strong>suos</strong></span> <span class='ocrx_word' id='word_1_84' title='bbox 1066 1410 1188 1476; x_wconf 77' lang='lat' dir='ltr'><strong>disertis</strong></span> <span class='ocrx_word' id='word_1_85' title='bbox 1210 1431 1279 1476; x_wconf 86' lang='lat' dir='ltr'><strong>ver·-</strong></span> 
     </span>
     <span class='ocr_line' id='line_1_11' title="bbox 151 1512 1279 1594; baseline 0.002 -17"><span class='ocrx_word' id='word_1_86' title='bbox 151 1515 199 1578; x_wconf 89' lang='lat' dir='ltr'><strong>bis</strong></span> <span class='ocrx_word' id='word_1_87' title='bbox 232 1515 424 1594; x_wconf 86' lang='lat' dir='ltr'><strong>uomiuavit,</strong></span> <span class='ocrx_word' id='word_1_88' title='bbox 458 1514 512 1580; x_wconf 88' lang='lat' dir='ltr'><strong>sed</strong></span> <span class='ocrx_word' id='word_1_89' title='bbox 544 1514 638 1578; x_wconf 85' lang='lat' dir='ltr'><strong>etiam</strong></span> <span class='ocrx_word' id='word_1_90' title='bbox 671 1514 765 1578; x_wconf 86' lang='lat' dir='ltr'><strong>verba</strong></span> <span class='ocrx_word' id='word_1_91' title='bbox 796 1532 901 1579; x_wconf 87' lang='lat' dir='ltr'><strong>eorum</strong></span> <span class='ocrx_word' id='word_1_92' title='bbox 931 1512 1053 1578; x_wconf 90' lang='lat' dir='ltr'><strong>fidelius</strong></span> <span class='ocrx_word' id='word_1_93' title='bbox 1083 1515 1219 1578; x_wconf 86' lang='lat' dir='ltr'><strong>servavit</strong></span> <span class='ocrx_word' id='word_1_94' title='bbox 1248 1516 1279 1580; x_wconf 94' lang='lat' dir='ltr'><strong>et</strong></span> 
     </span>
     <span class='ocr_line' id='line_1_12' title="bbox 149 1616 297 1683; baseline 0.02 -3"><span class='ocrx_word' id='word_1_95' title='bbox 149 1616 297 1683; x_wconf 79' lang='lat' dir='ltr'><strong>reddidit.</strong></span> 
     </span>
    </p>

    <p class='ocr_par' dir='ltr' id='par_1_3' title="bbox 145 1708 1279 3544">
     <span class='ocr_line' id='line_1_13' title="bbox 249 1708 1278 1802; baseline 0.001 -19"><span class='ocrx_word' id='word_1_96' title='bbox 249 1708 364 1785; x_wconf 61' lang='lat' dir='ltr'><strong>&#39;Altera</strong></span> <span class='ocrx_word' id='word_1_97' title='bbox 401 1739 473 1785; x_wconf 87' lang='lat' dir='ltr'><strong>vero</strong></span> <span class='ocrx_word' id='word_1_98' title='bbox 512 1719 677 1802; x_wconf 88' lang='lat' dir='ltr'><strong>Stojentini</strong></span> <span class='ocrx_word' id='word_1_99' title='bbox 688 1719 712 1802; x_wconf 88' lang='lat'><strong>²)</strong></span> <span class='ocrx_word' id='word_1_100' title='bbox 760 1720 913 1785; x_wconf 85' lang='lat' dir='ltr'><strong>sententia</strong></span> <span class='ocrx_word' id='word_1_101' title='bbox 957 1719 1064 1784; x_wconf 91' lang='lat' dir='ltr'><strong>libello</strong></span> <span class='ocrx_word' id='word_1_102' title='bbox 1100 1719 1278 1785; x_wconf 85' lang='lat' dir='ltr'><strong>Aristotelis</strong></span> 
     </span>
     <span class='ocr_line' id='line_1_14' title="bbox 147 1820 1278 1904; baseline 0.004 -22"><span class='ocrx_word' id='word_1_103' title='bbox 147 1821 272 1902; x_wconf 90' lang='lat' dir='ltr'><strong>reperto</strong></span> <span class='ocrx_word' id='word_1_104' title='bbox 305 1841 366 1886; x_wconf 90' lang='lat' dir='ltr'><strong>non</strong></span> <span class='ocrx_word' id='word_1_105' title='bbox 396 1822 618 1903; x_wconf 86' lang='lat' dir='ltr'><strong>comprobatur</strong></span> <span class='ocrx_word' id='word_1_106' title='bbox 639 1820 840 1903; x_wconf 85' lang='lat' dir='ltr'><strong>Pamphilum</strong></span> <span class='ocrx_word' id='word_1_107' title='bbox 862 1821 912 1886; x_wconf 88' lang='lat' dir='ltr'><strong>vel</strong></span> <span class='ocrx_word' id='word_1_108' title='bbox 932 1821 1023 1887; x_wconf 90' lang='lat' dir='ltr'><strong>huius</strong></span> <span class='ocrx_word' id='word_1_109' title='bbox 1045 1821 1278 1904; x_wconf 77' lang='lat' dir='ltr'><strong>epitomatorem</strong></span> 
     </span>
     <span class='ocr_line' id='line_1_15' title="bbox 147 1922 1278 1990; baseline 0.002 -4"><span class='ocrx_word' id='word_1_110' title='bbox 147 1922 315 1989; x_wconf 87' lang='lat' dir='ltr'><strong>Vestinum</strong></span> <span class='ocrx_word' id='word_1_111' title='bbox 338 1925 466 1989; x_wconf 91' lang='lat' dir='ltr'><strong>unicum</strong></span> <span class='ocrx_word' id='word_1_112' title='bbox 489 1923 627 1988; x_wconf 81' lang='lat' dir='ltr'><strong>Pollucis</strong></span> <span class='ocrx_word' id='word_1_113' title='bbox 658 1924 690 1988; x_wconf 91' lang='lat' dir='ltr'><strong>in</strong></span> <span class='ocrx_word' id='word_1_114' title='bbox 720 1923 800 1988; x_wconf 88' lang='lat' dir='ltr'><strong>libro</strong></span> <span class='ocrx_word' id='word_1_115' title='bbox 822 1924 899 1988; x_wconf 83' lang='lat' dir='ltr'><strong>VlIl</strong></span> <span class='ocrx_word' id='word_1_116' title='bbox 921 1924 1140 1989; x_wconf 83' lang='lat' dir='ltr'><strong>conscribendo</strong></span> <span class='ocrx_word' id='word_1_117' title='bbox 1162 1926 1278 1990; x_wconf 85' lang='lat' dir='ltr'><strong>fontem</strong></span> 
     </span>
     <span class='ocr_line' id='line_1_16' title="bbox 148 2026 1278 2110; baseline 0.002 -21"><span class='ocrx_word' id='word_1_118' title='bbox 148 2026 257 2091; x_wconf 86' lang='lat' dir='ltr'><strong>fuisse.</strong></span> <span class='ocrx_word' id='word_1_119' title='bbox 310 2028 384 2092; x_wconf 84' lang='lat' dir='ltr'><strong>Jam</strong></span> <span class='ocrx_word' id='word_1_120' title='bbox 418 2044 500 2091; x_wconf 90' lang='lat' dir='ltr'><strong>nunc</strong></span> <span class='ocrx_word' id='word_1_121' title='bbox 534 2027 671 2109; x_wconf 76' lang='lat' dir='ltr'><strong>apparet,</strong></span> <span class='ocrx_word' id='word_1_122' title='bbox 705 2026 787 2109; x_wconf 89' lang='lat' dir='ltr'><strong>quod</strong></span> <span class='ocrx_word' id='word_1_123' title='bbox 808 2027 900 2104; x_wconf 88' lang='lat' dir='ltr'><strong>infra,</strong></span> <span class='ocrx_word' id='word_1_124' title='bbox 931 2045 1029 2109; x_wconf 88' lang='lat' dir='ltr'><strong>spero,</strong></span> <span class='ocrx_word' id='word_1_125' title='bbox 1063 2027 1158 2091; x_wconf 86' lang='lat' dir='ltr'><strong>etiam</strong></span> <span class='ocrx_word' id='word_1_126' title='bbox 1178 2029 1278 2110; x_wconf 85' lang='lat' dir='ltr'><strong>magis</strong></span> 
     </span>
     <span class='ocr_line' id='line_1_17' title="bbox 148 2128 1279 2212; baseline 0.001 -21"><span class='ocrx_word' id='word_1_127' title='bbox 148 2129 297 2207; x_wconf 86' lang='lat' dir='ltr'><strong>elucebit,</strong></span> <span class='ocrx_word' id='word_1_128' title='bbox 330 2129 532 2196; x_wconf 80' lang='lat' dir='ltr'><strong>Aristotelem</strong></span> <span class='ocrx_word' id='word_1_129' title='bbox 555 2132 587 2195; x_wconf 92' lang='grc'><strong>11</strong></span> <span class='ocrx_word' id='word_1_130' title='bbox 609 2129 877 2212; x_wconf 85' lang='lat' dir='ltr'><strong>Atthidographos</strong></span> <span class='ocrx_word' id='word_1_131' title='bbox 900 2131 932 2194; x_wconf 93' lang='grc'><strong>11</strong></span> <span class='ocrx_word' id='word_1_132' title='bbox 953 2128 1070 2195; x_wconf 83' lang='lat' dir='ltr'><strong>lexicon</strong></span> <span class='ocrx_word' id='word_1_133' title='bbox 1093 2130 1279 2195; x_wconf 89' lang='lat' dir='ltr'><strong>rhetoricum</strong></span> 
     </span>
     <span class='ocr_line' id='line_1_18' title="bbox 150 2229 1278 2314; baseline 0.004 -22"><span class='ocrx_word' id='word_1_134' title='bbox 150 2232 252 2296; x_wconf 83' lang='lat' dir='ltr'><strong>fontes</strong></span> <span class='ocrx_word' id='word_1_135' title='bbox 268 2229 462 2297; x_wconf 86' lang='lat' dir='ltr'><strong>Onomastici</strong></span> <span class='ocrx_word' id='word_1_136' title='bbox 486 2232 592 2297; x_wconf 86' lang='lat' dir='ltr'><strong>fuisse.</strong></span> <span class='ocrx_word' id='word_1_137' title='bbox 635 2231 751 2296; x_wconf 77' lang='lat' dir='ltr'><strong>Eadem</strong></span> <span class='ocrx_word' id='word_1_138' title='bbox 775 2250 846 2314; x_wconf 85' lang='lat' dir='ltr'><strong>ergo</strong></span> <span class='ocrx_word' id='word_1_139' title='bbox 868 2230 1070 2312; x_wconf 88' lang='lat' dir='ltr'><strong>componendi</strong></span> <span class='ocrx_word' id='word_1_140' title='bbox 1091 2232 1178 2310; x_wconf 90' lang='lat' dir='ltr'><strong>ratio,</strong></span> <span class='ocrx_word' id='word_1_141' title='bbox 1202 2250 1278 2313; x_wconf 86' lang='lat' dir='ltr'><strong>quae</strong></span> 
     </span>
     <span class='ocr_line' id='line_1_19' title="bbox 148 2333 1278 2415; baseline 0 -19"><span class='ocrx_word' id='word_1_142' title='bbox 148 2334 260 2398; x_wconf 89' lang='lat' dir='ltr'><strong>ceteris</strong></span> <span class='ocrx_word' id='word_1_143' title='bbox 282 2333 373 2398; x_wconf 87' lang='lat' dir='ltr'><strong>libris</strong></span> <span class='ocrx_word' id='word_1_144' title='bbox 396 2353 415 2398; x_wconf 88' lang='lat' dir='ltr'><strong>a</strong></span> <span class='ocrx_word' id='word_1_145' title='bbox 438 2334 513 2398; x_wconf 89' lang='lat' dir='ltr'><strong>viris</strong></span> <span class='ocrx_word' id='word_1_146' title='bbox 538 2334 637 2399; x_wconf 85' lang='lat' dir='ltr'><strong>doctis</strong></span> <span class='ocrx_word' id='word_1_147' title='bbox 661 2333 858 2415; x_wconf 86' lang='lat' dir='ltr'><strong>comprobata</strong></span> <span class='ocrx_word' id='word_1_148' title='bbox 888 2334 944 2411; x_wconf 89' lang='lat' dir='ltr'><strong>est,</strong></span> <span class='ocrx_word' id='word_1_149' title='bbox 976 2334 1070 2398; x_wconf 84' lang='lat' dir='ltr'><strong>etiam</strong></span> <span class='ocrx_word' id='word_1_150' title='bbox 1100 2335 1130 2397; x_wconf 93' lang='lat' dir='ltr'><strong>in</strong></span> <span class='ocrx_word' id='word_1_151' title='bbox 1164 2334 1278 2398; x_wconf 88' lang='lat' dir='ltr'><strong>librum</strong></span> 
     </span>
     <span class='ocr_line' id='line_1_20' title="bbox 148 2435 1277 2518; baseline -0.001 -19"><span class='ocrx_word' id='word_1_152' title='bbox 148 2437 296 2501; x_wconf 85' lang='lat' dir='ltr'><strong>octavum</strong></span> <span class='ocrx_word' id='word_1_153' title='bbox 329 2435 423 2501; x_wconf 88' lang='lat' dir='ltr'><strong>cadit.</strong></span> <span class='ocrx_word' id='word_1_154' title='bbox 477 2437 528 2501; x_wconf 88' lang='lat' dir='ltr'><strong>Ad</strong></span> <span class='ocrx_word' id='word_1_155' title='bbox 560 2437 729 2502; x_wconf 89' lang='lat' dir='ltr'><strong>tractatum</strong></span> <span class='ocrx_word' id='word_1_156' title='bbox 761 2435 798 2499; x_wconf 90' lang='lat' dir='ltr'><strong>de</strong></span> <span class='ocrx_word' id='word_1_157' title='bbox 823 2435 963 2517; x_wconf 87' lang='lat' dir='ltr'><strong>partibus</strong></span> <span class='ocrx_word' id='word_1_158' title='bbox 985 2437 1119 2518; x_wconf 90' lang='lat' dir='ltr'><strong>corporis</strong></span> <span class='ocrx_word' id='word_1_159' title='bbox 1141 2436 1277 2511; x_wconf 87' lang='lat' dir='ltr'><strong>humani,</strong></span> 
     </span>
     <span class='ocr_line' id='line_1_21' title="bbox 147 2537 1277 2624; baseline -0.001 -22"><span class='ocrx_word' id='word_1_160' title='bbox 147 2539 203 2621; x_wconf 89' lang='lat' dir='ltr'><strong>qui</strong></span> <span class='ocrx_word' id='word_1_161' title='bbox 224 2538 305 2603; x_wconf 91' lang='lat' dir='ltr'><strong>libro</strong></span> <span class='ocrx_word' id='word_1_162' title='bbox 321 2539 418 2605; x_wconf 89' lang='lat' dir='ltr'><strong>altero</strong></span> <span class='ocrx_word' id='word_1_163' title='bbox 437 2538 491 2624; x_wconf 54' lang='grc' dir='ltr'><strong>(βξ</strong></span> <span class='ocrx_word' id='word_1_164' title='bbox 506 2538 673 2620; x_wconf 77' lang='lat'><strong>22-226)</strong></span> <span class='ocrx_word' id='word_1_165' title='bbox 689 2539 870 2615; x_wconf 86' lang='lat' dir='ltr'><strong>continetur,</strong></span> <span class='ocrx_word' id='word_1_166' title='bbox 893 2540 1014 2619; x_wconf 90' lang='lat' dir='ltr'><strong>praeter</strong></span> <span class='ocrx_word' id='word_1_167' title='bbox 1029 2537 1101 2602; x_wconf 90' lang='lat' dir='ltr'><strong>Rufi</strong></span> <span class='ocrx_word' id='word_1_168' title='bbox 1114 2538 1242 2619; x_wconf 83' lang='lat' dir='ltr'><strong>Ephesii</strong></span> <span class='ocrx_word' id='word_1_169' title='bbox 1253 2538 1277 2621; x_wconf 83' lang='grc'><strong>3)</strong></span> 
     </span>
     <span class='ocr_line' id='line_1_22' title="bbox 147 2638 1277 2726; baseline 0 -23"><span class='ocrx_word' id='word_1_170' title='bbox 147 2643 220 2725; x_wconf 78' lang='grc' dir='ltr'>περὶ</span> <span class='ocrx_word' id='word_1_171' title='bbox 241 2640 410 2726; x_wconf 75' lang='grc' dir='ltr'>ὀνομασίας</span> <span class='ocrx_word' id='word_1_172' title='bbox 430 2651 492 2705; x_wconf 85' lang='grc' dir='ltr'><strong>τῶν</strong></span> <span class='ocrx_word' id='word_1_173' title='bbox 515 2651 571 2705; x_wconf 83' lang='grc' dir='ltr'><strong>τοῦ</strong></span> <span class='ocrx_word' id='word_1_174' title='bbox 588 2639 759 2725; x_wconf 68' lang='grc' dir='ltr'><strong>ἀνθρώπου</strong></span> <span class='ocrx_word' id='word_1_175' title='bbox 776 2638 887 2724; x_wconf 79' lang='grc' dir='ltr'>μορίων</span> <span class='ocrx_word' id='word_1_176' title='bbox 908 2639 1045 2705; x_wconf 83' lang='lat' dir='ltr'><strong>tabulam</strong></span> <span class='ocrx_word' id='word_1_177' title='bbox 1061 2639 1277 2705; x_wconf 81' lang='lat' dir='ltr'><strong>medicinalem</strong></span> 
     </span>
     <span class='ocr_line' id='line_1_23' title="bbox 146 2741 1276 2825; baseline -0.003 -17"><span class='ocrx_word' id='word_1_178' title='bbox 146 2745 258 2809; x_wconf 87' lang='lat' dir='ltr'><strong>incerti</strong></span> <span class='ocrx_word' id='word_1_179' title='bbox 291 2745 425 2810; x_wconf 84' lang='lat' dir='ltr'><strong>auctoris</strong></span> <span class='ocrx_word' id='word_1_180' title='bbox 460 2745 492 2809; x_wconf 92' lang='lat' dir='ltr'><strong>et</strong></span> <span class='ocrx_word' id='word_1_181' title='bbox 522 2743 719 2808; x_wconf 87' lang='lat' dir='ltr'><strong>definitiones</strong></span> <span class='ocrx_word' id='word_1_182' title='bbox 751 2741 885 2806; x_wconf 90' lang='lat' dir='ltr'><strong>medicas</strong></span> <span class='ocrx_word' id='word_1_183' title='bbox 907 2762 952 2825; x_wconf 92' lang='lat' dir='ltr'><strong>ps.</strong></span> <span class='ocrx_word' id='word_1_184' title='bbox 976 2741 1084 2807; x_wconf 84' lang='lat' dir='ltr'><strong>Geloni</strong></span> <span class='ocrx_word' id='word_1_185' title='bbox 1108 2744 1139 2806; x_wconf 92' lang='grc'><strong>11</strong></span> <span class='ocrx_word' id='word_1_186' title='bbox 1159 2743 1276 2806; x_wconf 85' lang='lat' dir='ltr'><strong>lexicon</strong></span> 
     </span>
     <span class='ocr_line' id='line_1_24' title="bbox 147 2844 1277 2928; baseline -0.002 -18"><span class='ocrx_word' id='word_1_187' title='bbox 147 2846 339 2912; x_wconf 83' lang='lat' dir='ltr'><strong>rhetoricum</strong></span> <span class='ocrx_word' id='word_1_188' title='bbox 357 2867 376 2912; x_wconf 90' lang='lat' dir='ltr'><strong>a</strong></span> <span class='ocrx_word' id='word_1_189' title='bbox 392 2846 519 2912; x_wconf 90' lang='lat' dir='ltr'><strong>Polluce</strong></span> <span class='ocrx_word' id='word_1_190' title='bbox 543 2847 691 2928; x_wconf 88' lang='lat' dir='ltr'><strong>usurpata</strong></span> <span class='ocrx_word' id='word_1_191' title='bbox 714 2864 782 2910; x_wconf 87' lang='lat' dir='ltr'><strong>esse</strong></span> <span class='ocrx_word' id='word_1_192' title='bbox 805 2844 986 2910; x_wconf 83' lang='lat' dir='ltr'><strong>verisimile</strong></span> <span class='ocrx_word' id='word_1_193' title='bbox 1009 2845 1103 2928; x_wconf 72' lang='lat' dir='ltr'><strong>est⁴).</strong></span> <span class='ocrx_word' id='word_1_194' title='bbox 1140 2845 1216 2910; x_wconf 87' lang='lat' dir='ltr'><strong>Cum</strong></span> <span class='ocrx_word' id='word_1_195' title='bbox 1240 2844 1277 2908; x_wconf 85' lang='lat' dir='ltr'><strong>de</strong></span> 
     </span>
     <span class='ocr_line' id='line_1_25' title="bbox 147 2947 1277 3032; baseline -0.003 -20"><span class='ocrx_word' id='word_1_196' title='bbox 147 2969 182 3013; x_wconf 90' lang='lat' dir='ltr'><strong>re</strong></span> <span class='ocrx_word' id='word_1_197' title='bbox 205 2949 346 3031; x_wconf 89' lang='lat' dir='ltr'><strong>equestri</strong></span> <span class='ocrx_word' id='word_1_198' title='bbox 369 2949 409 3032; x_wconf 87' lang='grc' dir='ltr'><strong>(Ι.</strong></span> <span class='ocrx_word' id='word_1_199' title='bbox 436 2947 619 3030; x_wconf 66' lang='lat' dir='ltr'><strong>lar-220)</strong></span> <span class='ocrx_word' id='word_1_200' title='bbox 643 2947 825 3029; x_wconf 85' lang='lat' dir='ltr'><strong>disputaret,</strong></span> <span class='ocrx_word' id='word_1_201' title='bbox 860 2966 919 3011; x_wconf 92' lang='lat' dir='ltr'><strong>non</strong></span> <span class='ocrx_word' id='word_1_202' title='bbox 942 2947 1043 3012; x_wconf 90' lang='lat' dir='ltr'><strong>solum</strong></span> <span class='ocrx_word' id='word_1_203' title='bbox 1065 2947 1277 3029; x_wconf 81' lang='lat' dir='ltr'><strong>Xenophontis</strong></span> 
     </span>
     <span class='ocr_line' id='line_1_26' title="bbox 147 3050 1276 3133; baseline -0.003 -17"><span class='ocrx_word' id='word_1_204' title='bbox 147 3053 437 3130; x_wconf 81' lang='lat' dir='ltr'><strong>commentationes,</strong></span> <span class='ocrx_word' id='word_1_205' title='bbox 469 3070 548 3133; x_wconf 88' lang='lat' dir='ltr'><strong>quae</strong></span> <span class='ocrx_word' id='word_1_206' title='bbox 579 3051 639 3115; x_wconf 90' lang='lat' dir='ltr'><strong>huc</strong></span> <span class='ocrx_word' id='word_1_207' title='bbox 675 3052 827 3132; x_wconf 87' lang='lat' dir='ltr'><strong>spectant,</strong></span> <span class='ocrx_word' id='word_1_208' title='bbox 858 3050 912 3114; x_wconf 89' lang='lat' dir='ltr'><strong>scd</strong></span> <span class='ocrx_word' id='word_1_209' title='bbox 942 3050 1038 3116; x_wconf 87' lang='lat' dir='ltr'><strong>etiam</strong></span> <span class='ocrx_word' id='word_1_210' title='bbox 1068 3052 1134 3114; x_wconf 90' lang='lat' dir='ltr'><strong>eius</strong></span> <span class='ocrx_word' id='word_1_211' title='bbox 1161 3051 1276 3116; x_wconf 82' lang='lat' dir='ltr'><strong>iontem</strong></span> 
     </span>
     <span class='ocr_line' id='line_1_27' title="bbox 147 3152 1277 3237; baseline -0.003 -18"><span class='ocrx_word' id='word_1_212' title='bbox 147 3159 250 3237; x_wconf 87' lang='lat' dir='ltr'><strong>ipsum</strong></span> <span class='ocrx_word' id='word_1_213' title='bbox 275 3155 434 3220; x_wconf 89' lang='lat' dir='ltr'><strong>Simonem</strong></span> <span class='ocrx_word' id='word_1_214' title='bbox 460 3155 693 3232; x_wconf 86' lang='lat' dir='ltr'><strong>Atheniensem,</strong></span> <span class='ocrx_word' id='word_1_215' title='bbox 725 3154 778 3235; x_wconf 93' lang='lat' dir='ltr'><strong>qui</strong></span> <span class='ocrx_word' id='word_1_216' title='bbox 808 3155 879 3217; x_wconf 89' lang='lat' dir='ltr'><strong>ante</strong></span> <span class='ocrx_word' id='word_1_217' title='bbox 901 3152 1136 3235; x_wconf 86' lang='lat' dir='ltr'><strong>Xenophontem</strong></span> <span class='ocrx_word' id='word_1_218' title='bbox 1161 3153 1198 3217; x_wconf 85' lang='lat' dir='ltr'><strong>de</strong></span> <span class='ocrx_word' id='word_1_219' title='bbox 1219 3153 1277 3216; x_wconf 86' lang='lat' dir='ltr'><strong>heo</strong></span> 
     </span>
     <span class='ocr_line' id='line_1_28' title="bbox 145 3255 1276 3341; baseline -0.004 -19"><span class='ocrx_word' id='word_1_220' title='bbox 145 3279 180 3324; x_wconf 86' lang='lat' dir='ltr'><strong>re</strong></span> <span class='ocrx_word' id='word_1_221' title='bbox 203 3260 371 3341; x_wconf 89' lang='lat' dir='ltr'><strong>scripserat</strong></span> <span class='ocrx_word' id='word_1_222' title='bbox 393 3259 425 3324; x_wconf 90' lang='grc'><strong>11</strong></span> <span class='ocrx_word' id='word_1_223' title='bbox 447 3259 486 3324; x_wconf 86' lang='lat' dir='ltr'><strong>ab</strong></span> <span class='ocrx_word' id='word_1_224' title='bbox 510 3259 568 3324; x_wconf 89' lang='lat' dir='ltr'><strong>hoc</strong></span> <span class='ocrx_word' id='word_1_225' title='bbox 590 3257 736 3322; x_wconf 90' lang='lat' dir='ltr'><strong>laudatus</strong></span> <span class='ocrx_word' id='word_1_226' title='bbox 759 3259 825 3321; x_wconf 84' lang='lat' dir='ltr'><strong>erat</strong></span> <span class='ocrx_word' id='word_1_227' title='bbox 846 3257 928 3340; x_wconf 83' lang='grc' dir='ltr'>(περὶ</span> <span class='ocrx_word' id='word_1_228' title='bbox 950 3255 1092 3340; x_wconf 72' lang='grc' dir='ltr'>ἱππικῆς</span> <span class='ocrx_word' id='word_1_229' title='bbox 1110 3257 1135 3320; x_wconf 93' lang='lat' dir='ltr'><strong>I.</strong></span> <span class='ocrx_word' id='word_1_230' title='bbox 1162 3259 1205 3338; x_wconf 85' lang='lat' dir='ltr'><strong>l),</strong></span> <span class='ocrx_word' id='word_1_231' title='bbox 1228 3257 1276 3320; x_wconf 93' lang='lat' dir='ltr'><strong>in-</strong></span> 
     </span>
     <span class='ocr_line' id='line_1_29' title="bbox 147 3356 1276 3446; baseline -0.005 -20"><span class='ocrx_word' id='word_1_232' title='bbox 147 3361 301 3444; x_wconf 85' lang='lat' dir='ltr'><strong>spiciehat</strong></span> <span class='ocrx_word' id='word_1_233' title='bbox 311 3362 347 3446; x_wconf 85' lang='lat'><strong>⁵).</strong></span> <span class='ocrx_word' id='word_1_234' title='bbox 392 3362 485 3426; x_wconf 88' lang='lat' dir='ltr'><strong>Libro</strong></span> <span class='ocrx_word' id='word_1_235' title='bbox 510 3361 553 3424; x_wconf 93' lang='lat' dir='ltr'><strong>lV</strong></span> <span class='ocrx_word' id='word_1_236' title='bbox 583 3361 614 3442; x_wconf 67' lang='grc' dir='ltr'><strong>(ξ</strong></span> <span class='ocrx_word' id='word_1_237' title='bbox 636 3359 803 3441; x_wconf 81' lang='grc'><strong>52-154)</strong></span> <span class='ocrx_word' id='word_1_238' title='bbox 836 3357 1104 3423; x_wconf 87' lang='lat' dir='ltr'><strong>commentariolus</strong></span> <span class='ocrx_word' id='word_1_239' title='bbox 1128 3356 1276 3421; x_wconf 86' lang='lat' dir='ltr'><strong>derebus</strong></span> 
     </span>
     <span class='ocr_line' id='line_1_30' title="bbox 146 3461 1275 3544; baseline -0.004 -16"><span class='ocrx_word' id='word_1_240' title='bbox 146 3465 277 3530; x_wconf 89' lang='lat' dir='ltr'><strong>musicis</strong></span> <span class='ocrx_word' id='word_1_241' title='bbox 299 3467 332 3530; x_wconf 92' lang='lat' dir='ltr'><strong>et</strong></span> <span class='ocrx_word' id='word_1_242' title='bbox 354 3465 484 3530; x_wconf 89' lang='lat' dir='ltr'><strong>scenicis</strong></span> <span class='ocrx_word' id='word_1_243' title='bbox 510 3465 643 3528; x_wconf 86' lang='lat' dir='ltr'><strong>insertus</strong></span> <span class='ocrx_word' id='word_1_244' title='bbox 668 3463 725 3542; x_wconf 89' lang='lat' dir='ltr'><strong>est,</strong></span> <span class='ocrx_word' id='word_1_245' title='bbox 749 3481 838 3544; x_wconf 78' lang='lat' dir='ltr'><strong>qrrern</strong></span> <span class='ocrx_word' id='word_1_246' title='bbox 862 3462 997 3543; x_wconf 84' lang='lat' dir='ltr'><strong>plurima</strong></span> <span class='ocrx_word' id='word_1_247' title='bbox 1018 3480 1054 3524; x_wconf 86' lang='lat' dir='ltr'><strong>ex</strong></span> <span class='ocrx_word' id='word_1_248' title='bbox 1075 3461 1162 3542; x_wconf 89' lang='lat' dir='ltr'><strong>parte</strong></span> <span class='ocrx_word' id='word_1_249' title='bbox 1186 3461 1275 3526; x_wconf 76' lang='lat' dir='ltr'><strong>elu-</strong></span> 
     </span>
    </p>
   </div>
   <div class='ocr_carea' id='block_1_3' title="bbox 204 3658 412 3666">
    <p class='ocr_par' dir='ltr' id='par_1_4' title="bbox 204 3658 412 3666">
     <span class='ocr_line' id='line_1_31' title="bbox 204 3658 412 3666; baseline -0.005 -2"><span class='ocrx_word' id='word_1_250' title='bbox 204 3658 412 3666; x_wconf 43' lang='lat' dir='ltr'>-ss—---</span> 
     </span>
    </p>
   </div>
   <div class='ocr_carea' id='block_1_4' title="bbox 253 3773 445 3840">
    <p class='ocr_par' dir='ltr' id='par_1_5' title="bbox 253 3773 445 3840">
     <span class='ocr_line' id='line_1_32' title="bbox 253 3773 445 3840; baseline -0.016 -13"><span class='ocrx_word' id='word_1_251' title='bbox 253 3774 317 3837; x_wconf 82' lang='grc'><strong>111.</strong></span> <span class='ocrx_word' id='word_1_252' title='bbox 337 3774 355 3825; x_wconf 89' lang='lat' dir='ltr'><strong>l.</strong></span> <span class='ocrx_word' id='word_1_253' title='bbox 375 3787 401 3840; x_wconf 91' lang='lat' dir='ltr'><strong>p.</strong></span> <span class='ocrx_word' id='word_1_254' title='bbox 421 3773 445 3825; x_wconf 86' lang='lat'><strong>3.</strong></span> 
     </span>
    </p>
   </div>
   <div class='ocr_carea' id='block_1_5' title="bbox 250 3858 1277 4095">
    <p class='ocr_par' dir='ltr' id='par_1_6' title="bbox 250 3858 1277 4095">
     <span class='ocr_line' id='line_1_33' title="bbox 253 3858 523 3927; baseline -0.011 -15"><span class='ocrx_word' id='word_1_255' title='bbox 253 3861 282 3927; x_wconf 78' lang='lat'><strong>2)</strong></span> <span class='ocrx_word' id='word_1_256' title='bbox 300 3859 317 3912; x_wconf 94' lang='grc'><strong>1.</strong></span> <span class='ocrx_word' id='word_1_257' title='bbox 336 3859 354 3912; x_wconf 95' lang='lat' dir='ltr'><strong>l.</strong></span> <span class='ocrx_word' id='word_1_258' title='bbox 374 3873 400 3926; x_wconf 93' lang='lat' dir='ltr'><strong>p.</strong></span> <span class='ocrx_word' id='word_1_259' title='bbox 419 3858 461 3913; x_wconf 88' lang='lat'><strong>89.</strong></span> <span class='ocrx_word' id='word_1_260' title='bbox 481 3858 523 3913; x_wconf 88' lang='lat'><strong>90.</strong></span> 
     </span>
     <span class='ocr_line' id='line_1_34' title="bbox 250 3939 958 4010; baseline -0.008 -13"><span class='ocrx_word' id='word_1_261' title='bbox 250 3944 277 4010; x_wconf 86' lang='lat'><strong>3)</strong></span> <span class='ocrx_word' id='word_1_262' title='bbox 297 3945 339 3997; x_wconf 88' lang='lat' dir='ltr'><strong>ed.</strong></span> <span class='ocrx_word' id='word_1_263' title='bbox 360 3943 435 3996; x_wconf 74' lang='grc'><strong>(11111.</strong></span> <span class='ocrx_word' id='word_1_264' title='bbox 456 3941 562 3996; x_wconf 83' lang='lat' dir='ltr'><strong>Glineh.</strong></span> <span class='ocrx_word' id='word_1_265' title='bbox 604 3940 690 3993; x_wconf 86' lang='lat' dir='ltr'><strong>hond.</strong></span> <span class='ocrx_word' id='word_1_266' title='bbox 711 3940 786 3993; x_wconf 80' lang='grc'><strong>1126.</strong></span> <span class='ocrx_word' id='word_1_267' title='bbox 805 3955 830 4007; x_wconf 94' lang='lat' dir='ltr'><strong>p.</strong></span> <span class='ocrx_word' id='word_1_268' title='bbox 849 3939 908 3991; x_wconf 86' lang='grc'><strong>46-</strong></span> <span class='ocrx_word' id='word_1_269' title='bbox 918 3940 958 3992; x_wconf 85' lang='grc'><strong>65.</strong></span> 
     </span>
     <span class='ocr_line' id='line_1_35' title="bbox 250 4023 1277 4095; baseline -0.004 -13"><span class='ocrx_word' id='word_1_270' title='bbox 250 4029 278 4095; x_wconf 84' lang='lat'><strong>4)</strong></span> <span class='ocrx_word' id='word_1_271' title='bbox 298 4029 332 4083; x_wconf 80' lang='lat' dir='ltr'><strong>cf.</strong></span> <span class='ocrx_word' id='word_1_272' title='bbox 351 4029 401 4082; x_wconf 78' lang='lat' dir='ltr'><strong>Ed.</strong></span> <span class='ocrx_word' id='word_1_273' title='bbox 420 4027 554 4089; x_wconf 86' lang='lat' dir='ltr'><strong>Zarucke,</strong></span> <span class='ocrx_word' id='word_1_274' title='bbox 582 4025 735 4092; x_wconf 81' lang='lat' dir='ltr'><strong>Symboleo</strong></span> <span class='ocrx_word' id='word_1_275' title='bbox 762 4026 797 4078; x_wconf 88' lang='lat' dir='ltr'><strong>ad</strong></span> <span class='ocrx_word' id='word_1_276' title='bbox 824 4025 893 4078; x_wconf 61' lang='lat' dir='ltr'><strong>«Iulii</strong></span> <span class='ocrx_word' id='word_1_277' title='bbox 914 4023 1037 4078; x_wconf 86' lang='lat' dir='ltr'><strong>Pollucis</strong></span> <span class='ocrx_word' id='word_1_278' title='bbox 1063 4027 1216 4080; x_wconf 84' lang='lat' dir='ltr'><strong>tractatum</strong></span> <span class='ocrx_word' id='word_1_279' title='bbox 1244 4026 1277 4079; x_wconf 90' lang='lat' dir='ltr'><strong>de</strong></span> 
     </span>
    </p>
   </div>
   <div class='ocr_carea' id='block_1_6' title="bbox 146 4110 1277 4264">
    <p class='ocr_par' dir='ltr' id='par_1_7' title="bbox 146 4110 1277 4264">
     <span class='ocr_line' id='line_1_36' title="bbox 146 4110 866 4181; baseline -0.008 -13"><span class='ocrx_word' id='word_1_280' title='bbox 146 4113 276 4181; x_wconf 86' lang='lat' dir='ltr'><strong>partibus</strong></span> <span class='ocrx_word' id='word_1_281' title='bbox 296 4114 425 4180; x_wconf 88' lang='lat' dir='ltr'><strong>eorporis</strong></span> <span class='ocrx_word' id='word_1_282' title='bbox 443 4112 567 4165; x_wconf 87' lang='lat' dir='ltr'><strong>humaui.</strong></span> <span class='ocrx_word' id='word_1_283' title='bbox 605 4111 669 4178; x_wconf 83' lang='lat' dir='ltr'><strong>Lpn.</strong></span> <span class='ocrx_word' id='word_1_284' title='bbox 692 4110 763 4164; x_wconf 86' lang='grc'><strong>1884.</strong></span> <span class='ocrx_word' id='word_1_285' title='bbox 782 4125 807 4177; x_wconf 91' lang='lat' dir='ltr'><strong>p.</strong></span> <span class='ocrx_word' id='word_1_286' title='bbox 825 4111 866 4164; x_wconf 84' lang='lat'><strong>45.</strong></span> 
     </span>
     <span class='ocr_line' id='line_1_37' title="bbox 250 4195 1277 4264; baseline -0.001 -12"><span class='ocrx_word' id='word_1_287' title='bbox 250 4199 279 4258; x_wconf 83' lang='lat'><strong>5)</strong></span> <span class='ocrx_word' id='word_1_288' title='bbox 299 4198 334 4252; x_wconf 85' lang='lat' dir='ltr'><strong>cf.</strong></span> <span class='ocrx_word' id='word_1_289' title='bbox 364 4197 395 4250; x_wconf 90' lang='lat' dir='ltr'><strong>R.</strong></span> <span class='ocrx_word' id='word_1_290' title='bbox 421 4196 573 4258; x_wconf 71' lang='lat' dir='ltr'><strong>Michaelis</strong></span> <span class='ocrx_word' id='word_1_291' title='bbox 609 4196 643 4249; x_wconf 89' lang='lat' dir='ltr'><strong>de</strong></span> <span class='ocrx_word' id='word_1_292' title='bbox 672 4195 742 4248; x_wconf 72' lang='lat' dir='ltr'><strong>‹lulii</strong></span> <span class='ocrx_word' id='word_1_293' title='bbox 776 4195 899 4248; x_wconf 85' lang='lat' dir='ltr'><strong>Pollucis</strong></span> <span class='ocrx_word' id='word_1_294' title='bbox 929 4196 1029 4249; x_wconf 85' lang='lat' dir='ltr'><strong>studiis</strong></span> <span class='ocrx_word' id='word_1_295' title='bbox 1059 4195 1277 4264; x_wconf 86' lang='lat' dir='ltr'><strong>Xenophonteis.</strong></span> 
     </span>
    </p>
   </div>
   <div class='ocr_carea' id='block_1_7' title="bbox 147 4283 1105 4438">
    <p class='ocr_par' dir='ltr' id='par_1_8' title="bbox 147 4283 1105 4438">
     <span class='ocr_line' id='line_1_38' title="bbox 147 4283 426 4350; baseline -0.004 -14"><span class='ocrx_word' id='word_1_296' title='bbox 147 4283 316 4338; x_wconf 82' lang='grc' dir='ltr'><strong>Η11111876</strong></span> <span class='ocrx_word' id='word_1_297' title='bbox 338 4297 363 4350; x_wconf 89' lang='lat' dir='ltr'><strong>p.</strong></span> <span class='ocrx_word' id='word_1_298' title='bbox 386 4284 426 4336; x_wconf 84' lang='grc'><strong>17.</strong></span> 
     </span>
     <span class='ocr_line' id='line_1_39' title="bbox 1075 4385 1105 4438; baseline 0 -29"><span class='ocrx_word' id='word_1_299' title='bbox 1075 4385 1105 4438; x_wconf 59' lang='lat'><strong>5*</strong></span> 
     </span>
    </p>
   </div>
   <div class='ocr_carea' id='block_1_8' title="bbox 0 0 1466 4928">
    <p class='ocr_par' dir='ltr' id='par_1_9' title="bbox 0 0 1466 4928">
     <span class='ocr_line' id='line_1_40' title="bbox 0 0 1466 4928; baseline 0 2"><span class='ocrx_word' id='word_1_300' title='bbox 0 0 1466 4928; x_wconf 95' lang='lat' dir='ltr'><strong> </strong></span> 
     </span>
    </p>
   </div>
  </div>
 </body>
</html>
