2924 4928
656 365 696 430 13

109 572 212 637 tomae
243 571 378 637 multum
410 571 520 637 debere
551 542 742 655 eunde'mque
765 591 911 656 persaepe
934 592 1003 638 oum
1027 572 1084 638 ler.
1108 572 1178 657 Sug.
1203 573 1235 636 V

110 691 287 758 congruere,
320 673 388 738 fieri
419 675 531 756 potest,
562 675 598 738 ut
622 674 654 738 in
677 673 790 740 Photio
821 675 956 756 pleniore
988 676 1097 739 eadem
1126 674 1239 739 iuven·

110 778 172 843 turi
194 778 353 844 fuerimus.

211 881 322 946 Eidem
345 882 424 947 fonti
446 882 568 964 praeter
589 881 720 966 glossas,
750 882 862 966 quibus
893 882 1040 948 adhaeret
1060 901 1117 949 vor
1141 882 1238 968 ppro-

109 983 195 1070 ρική,
220 985 314 1049 etiam
337 984 414 1050 alias
436 984 635 1050 vindicandas
658 1003 734 1064 esse,
766 985 819 1049 ubi
843 1004 899 1049 seu
920 985 1126 1064 librariorum,
1156 1003 1233 1067 quae

109 1088 158 1152 est
179 1087 333 1152 sententia
354 1087 469 1152 Naberi
482 1087 517 1171 ¹),
546 1107 599 1152 seu
622 1088 719 1170 ipsius
742 1087 877 1153 auctoris
899 1087 1018 1153 incuria
1039 1087 1118 1153 illud
1141 1087 1239 1172 pnes--

109 1189 182 1276 ρική
205 1190 355 1255 omissum
384 1192 442 1267 est,
473 1190 681 1274 unusquisque
704 1191 826 1255 Nubere
858 1190 950 1256 facile
972 1190 1127 1256 concedet.
1173 1189 1235 1255 Sed

109 1312 146 1358 ea
165 1293 234 1375 ipsu
256 1293 369 1376 glossa,
392 1311 453 1376 qua
474 1293 552 1357 nihil
576 1313 607 1358 se
630 1312 719 1359 nosse
741 1294 843 1376 inquit
853 1293 877 1377 ²)
900 1293 1088 1358 luculentius
1108 1295 1146 1358 ad
1163 1312 1237 1358 sen·

109 1395 237 1462 tentiam
276 1414 363 1461 suam
402 1396 662 1475 confirmandam,
700 1397 920 1481 Etymologum
952 1397 1063 1462 Photio
1096 1396 1238 1478 pleniore

109 1517 199 1563 usum
222 1517 298 1578 esse,
320 1500 420 1582 magis
444 1499 576 1582 quadrat
599 1500 630 1564 in
652 1500 710 1565 ler.
733 1499 847 1583 Seg.V
871 1519 941 1565 eum
964 1500 1022 1564 lex.
1049 1499 1137 1564 Dem.
1154 1499 1234 1564 Pat-

108 1602 243 1686 miaeo³J
276 1601 472 1685 conjunctum
496 1622 589 1685 quam
613 1603 645 1667 in
668 1603 824 1670 Plotium.
871 1602 959 1683 Quod
981 1604 1047 1683 ipse
1071 1604 1107 1668 ut
1129 1604 1237 1668 animo-

108 1705 320 1788 perpenderes,
343 1707 426 1772 looos
449 1707 607 1790 adscripsi.

139 1860 185 1925 Εί.
209 1861 250 1925 Μ.
275 1862 355 1929 468.
380 1865 434 1927 56.
474 1863 563 1965 μοχ.
580 1863 693 1944 δομλί
709 1864 784 1929 265.
795 1864 850 1928 22.
967 1865 1105 1928 Plautius.

109 2013 274 2098 ἱεροποιοί·
310 2014 470 2100 κληρωτοί
489 2015 653 2100 ίεροποιοί·
693 2015 852 2100 κληρωτοί
871 2013 1035 2099 ίεροποιοί·
1071 2015 1230 2101 κληρωτοί

108 2116 258 2202 ἄρχοντές
295 2117 353 2181 εἰσι
390 2115 469 2180 δέκα
488 2122 657 2204 ἄρχοντες.
714 2119 773 2182 εἰσὶ
817 2119 850 2182 δέ
869 2119 1019 2201 ἄρχοντες
1061 2116 1139 2181 δέκα
1177 2120 1237 2180 τὸν

108 2222 161 2283 τὸν
191 2219 335 2305 ἀριθμόν,
369 2219 400 2283 οἲ
429 2220 469 2283 τοί
488 2220 566 2286 δέκα
609 2226 661 2286 τὸν
701 2223 847 2308 ἀριθμὸν,
869 2219 1024 2305 ἀριθμόν,
1063 2220 1094 2286 οἳ
1124 2220 1164 2283 τοί
1196 2241 1237 2283 τε.

109 2343 143 2386 τε
166 2322 370 2408 μαντεύματα
392 2322 468 2408 ἱερο-
488 2326 519 2389 οἲ
540 2326 581 2389 τοί
595 2347 631 2389 τε
647 2325 850 2411 μαντεύματα
869 2325 1071 2411 μαντεύματα
1109 2323 1229 2407 ἱεροθε-

108 2427 251 2509 θετοῦσι,
269 2428 330 2490 κᾶν
345 2447 374 2489 τι
390 2425 468 2490 καλ-
488 2426 681 2512 ἱεροθετοῦσι
692 2429 740 2511 ⁴),
788 2432 849 2494 κᾶν
868 2439 955 2493 τοῦσι
969 2450 976 2464 ·
989 2430 1049 2492 κᾶν
1059 2448 1103 2502 τις
1119 2425 1237 2489 καλλι»

108 2527 251 2613 λιερῆσαι
282 2527 351 2614 δέῃ,
390 2529 468 2594 καλ·
488 2551 517 2593 τι
551 2530 759 2615 καλλιερῆσαι
782 2529 847 2617 δέῃ,
868 2528 1232 2614 ερήσῃ,συγκαλλιεροῦ-

108 2631 244 2715 λιεμοῦσι
285 2634 365 2717 μετὰ
408 2641 469 2697 τῶν
488 2633 688 2719 καλλιεροῦσι
699 2636 849 2718 μετὰτῶν
868 2654 898 2695 σι
921 2641 986 2709 τοῖς
1010 2631 1225 2716 μαντεύμασι·

109 2734 247 2819 μάντεων
279 2738 334 2799 καί
356 2735 469 2811 θυσίας
489 2736 640 2822 μάντεων,
665 2738 721 2800 καί
735 2735 849 2812 θυσίας
867 2737 923 2799 καί
944 2733 1059 2810 θυσίας
1074 2735 1130 2811 τὰς
1144 2753 1233 2818 νομιι

107 2839 163 2914 τὰς
183 2837 383 2924 νομιζομένας
403 2839 468 2902 ἐπι·
487 2841 543 2916 τὰς
564 2838 764 2926 νομιζομένας
785 2839 848 2902 ἐπι·
868 2837 1001 2924 ζομὲνας
1029 2837 1225 2901 ἐπιτελοῦσι·

108 2939 254 3024 τελοῦσι,
311 2943 367 3004 καί
413 2944 469 3019 τὰς
488 2941 625 3026 τελοῦσι,
643 2944 698 3005 καὶ
710 2943 765 3017 τὰς
776 2963 848 3006 πεν-
868 2943 924 3005 καί
956 2943 1012 3019 τὰς
1048 2938 1234 3026 πεντετηρί-

107 3044 350 3130 πενταετηρίδας
387 3045 467 3109 ἁπά-
487 3044 671 3131 ταετηρίδας
724 3043 849 3121 ἁπάσας
868 3045 923 3122 δας
938 3043 1063 3122 ἁπάσας
1078 3044 1233 3107 διοικοῦσι.

109 3168 165 3224 σας
197 3147 347 3211 διοικοῦσι
383 3147 468 3233 πλὴν
486 3148 634 3212 διοικοῦσι
646 3146 848 3232 πλὴνΠανα-
867 3147 952 3232 πλὴν
974 3143 1207 3232 Παναθηναίων
1217 3165 1230 3178 ··

107 3247 342 3336 Παναθηναίων
360 3298 367 3314 .
393 3260 467 3314 ταῦ·
487 3251 638 3339 θηναίων.

108 3373 148 3416 τα
163 3352 197 3416 δὲ
212 3352 465 3440 Ἀριστοτέληςίί

214 3613 237 3681 1)
255 3613 386 3680 Prolegg.
409 3627 435 3680 p.
455 3613 513 3666 170.

209 3699 236 3766 2)
254 3698 385 3766 Prolegg.
411 3713 437 3766 p.
458 3699 514 3752 171.

209 3789 237 3853 3)
255 3786 304 3840 Ed.
323 3785 478 3839 Sakkelion
495 3784 566 3838 Bull.
587 3784 622 3838 de
640 3798 711 3839 eorr.
730 3783 794 3838 hell.
814 3783 824 3836 l
842 3797 868 3850 p.
884 3781 975 3844 1-16,
996 3780 1138 3835 rer-155.
1168 3780 1235 3835 Hoe-

102 3874 164 3943 jam
190 3873 305 3940 Boysen
332 3873 350 3924 l.
378 3872 395 3925 l.
423 3886 448 3939 p.
476 3873 507 3926 71
536 3870 748 3925 animadverter
765 3871 785 3923 t.
837 3868 891 3923 Sed
915 3882 978 3922 eum
1005 3868 1061 3921 lex.
1079 3867 1149 3921 illud
1175 3866 1228 3921 De-

105 3959 315 4014 mosthenicum
332 3958 455 4012 nondum
476 3972 491 4013 e
508 3957 633 4011 tenebris
651 3955 817 4010 monasterii
835 3954 974 4009 Patmiuoi
991 3954 1021 4007 in
1038 3953 1130 4006 luoem
1148 3952 1235 4007 emis-⁴

106 4060 170 4100 snm
198 4045 284 4108 esset,
311 4058 363 4112 pro
381 4044 509 4111 pleniore
526 4043 629 4098 Photio
647 4043 803 4111 pleniorem
823 4040 1016 4094 recensionem
1034 4039 1121 4093 lexiei
1139 4038 1185 4106 Sg.
1204 4038 1236 4092 V‘

105 4132 213 4186 fontem
231 4143 296 4184 esse
313 4129 357 4182 nt.
375 4127 410 4181 ll.
429 4129 536 4183 statuit.

209 4217 236 4275 4)
255 4214 321 4270 cod.
340 4214 511 4282 ίεμούυτοῦσι.

208 4303 236 4363 51
256 4300 321 4368 Gap.
339 4300 382 4355 54.
401 4299 426 4363 6,
436 4300 460 4353 7.
