2924 4928
609 1086 931 1213 Praefatio,

727 1299 830 1307 -.-—

839 1401 977 1463 „illorum
1005 1402 1053 1467 qui
1079 1403 1141 1469 ipse
1167 1402 1272 1468 scripta
1290 1418 1332 1457 re·

836 1469 987 1536 liquerunt,
1009 1471 1111 1524 honori
1129 1471 1331 1526 consulendum

837 1541 889 1601 ost,
908 1553 965 1592 non
983 1541 1098 1593 nostrae
1116 1540 1277 1606 gloriolae.“

739 1625 767 1676 b.
786 1623 991 1684 biendolssohn
1009 1624 1096 1691 praef.
1116 1626 1157 1678 od.
1177 1625 1232 1679 Cic.
1251 1628 1331 1692 epist.

964 1693 1037 1761 bips.
1060 1693 1131 1747 1893.
1151 1709 1175 1760 p.
1194 1693 1296 1748 XXXI.

312 1813 452 1878 Priorem
473 1813 505 1878 in
529 1815 648 1895 partem
671 1813 849 1878 Aristotelis
861 1813 885 1896 ¹)
908 1813 945 1877 de
967 1813 1138 1895 Republica
1160 1814 1332 1880 Athenien-

209 1916 292 1980 sium
321 1915 395 1980 libri
426 1916 548 1999 saepius
580 1916 638 1981 riri
669 1916 753 1980 docti
783 1916 1010 1999 inquisiverunt
1040 1918 1081 1996 et,
1115 1917 1195 1982 unde
1226 1920 1333 1986 auctor

212 2018 271 2083 sibi
291 2019 525 2101 comparaverit,
545 2037 756 2101 quaecumque
779 2018 816 2082 de
838 2018 928 2082 rebus
950 2018 1185 2085 Atheniensium
1201 2025 1331 2101 enarrat,

209 2121 240 2185 in
264 2120 443 2186 universum
462 2121 529 2205 jam
551 2121 795 2204 exploraverunt.
840 2119 924 2199 Quae
940 2140 1010 2186 voro
1024 2122 1232 2188 intercesserit
1254 2124 1332 2190 ratio

210 2225 291 2288 inter
321 2224 525 2306 posteriorem
546 2224 667 2306 partem
689 2225 720 2288 et
742 2223 863 2307 glossas
885 2242 940 2305 per
964 2221 1085 2289 diversa
1109 2225 1208 2289 lexica
1229 2227 1334 2291 rheto-

211 2328 275 2392 rica
298 2326 464 2409 dispersas
488 2345 576 2392 nemo
599 2327 661 2392 fere
683 2325 783 2391 adhuc
806 2325 987 2409 diligentius
1010 2325 1195 2408 explanarit.
1239 2328 1333 2394 Multi

211 2429 336 2511 quidem
364 2449 410 2507 ea,
442 2448 520 2513 quae
542 2429 602 2494 sibi
625 2429 753 2512 quisque
776 2429 847 2493 usui
868 2447 935 2493 osse
957 2428 1118 2510 putabant,
1140 2429 1212 2497 inde
1230 2449 1332 2496 excer-

210 2533 349 2614 pserunt.
393 2532 554 2617 Lipsius²)
576 2533 737 2597 scientiam
760 2531 836 2616 juris
861 2531 950 2596 attici
974 2531 1059 2596 novis
1083 2532 1287 2614 locupletarit
1302 2544 1334 2600 et

211 2635 397 2700 testimoniis
421 2638 453 2700 et
474 2636 647 2701 sententiis.
691 2634 850 2718 (tilher-cb
874 2636 904 2698 et
918 2633 1065 2717 Busolt⁴)
1087 2635 1122 2698 ut
1143 2635 1238 2700 libros
1259 2655 1332 2703 suos

212 2735 249 2800 de
281 2737 517 2820 antiquitatibus
552 2737 670 2821 graecis
701 2737 833 2820 publicis
864 2737 1076 2815 retractarent,
1110 2756 1233 2803 necesse
1256 2741 1332 2804 erat.

212 2839 277 2904 Alii
311 2838 349 2904 ad
381 2839 519 2924 singulas
553 2840 749 2921 quaestiones
784 2838 996 2923 dijudicandas
1032 2838 1116 2903 felici
1153 2842 1264 2905 eventu
1301 2843 1333 2908 in

214 2942 391 3009 Aristotelis
414 2943 596 3008 auctoritate
618 2944 677 3008 niti
698 2942 850 3025 poterant.
894 2941 1008 3007 Kaibel
1021 2943 1046 3025 ⁶)
1072 2943 1163 3025 pleno
1185 2942 1333 3028 doctoque

212 3046 432 3109 commentario
463 3046 558 3110 etiam
589 3046 718 3111 alteram
752 3046 852 3128 operis
883 3045 1003 3126 partem
1033 3044 1204 3110 illustravit
1241 3050 1272 3112 et
1304 3050 1333 3114 ei

212 3149 390 3227 sententiae,
407 3167 499 3230 quam
515 3167 617 3213 veram
634 3168 700 3214 osse
719 3148 795 3213 mibi
810 3149 959 3230 persuasi,
982 3147 1137 3212 interdum
1148 3147 1173 3232 ⁶)
1197 3150 1332 3231 proxime

318 3407 342 3469 1)
369 3403 400 3459 ln
423 3406 523 3460 charta
548 3407 717 3462 bondinonsi
745 3409 899 3474 genuinum
925 3407 1006 3461 nobis
1035 3421 1105 3474 opus
1131 3407 1332 3464 Aristoteleum

213 3487 277 3527 esso
295 3474 430 3527 donatum
447 3489 504 3528 non
523 3480 575 3539 est,
602 3478 676 3543 quod
704 3477 803 3529 dicam.
839 3475 894 3540 Qui
911 3477 965 3530 hoe
993 3476 1059 3529 olim
1077 3479 1260 3542 negaverant,
1286 3478 1333 3531 ob·

212 3543 393 3604 mutuerunt;
421 3556 476 3609 que
502 3559 535 3597 re
560 3547 729 3599 sententiam
757 3559 837 3598 suam
861 3544 920 3611 jem
948 3559 1005 3599 non
1027 3559 1043 3597 a
1066 3557 1096 3596 se
1122 3545 1191 3611 ipsis
1219 3545 1333 3613 probari

214 3612 422 3664 concesserunt.
458 3611 532 3666 Usus
559 3628 621 3666 sum
648 3614 772 3668 editione
798 3612 920 3668 Kaibelii
947 3616 976 3667 et
1002 3613 1215 3666 Wiiemowitzii
1238 3615 1332 3680 priore

213 3694 237 3732 a.
258 3680 322 3733 1891
343 3681 379 3742 et,
406 3680 575 3747 ubicumque
592 3696 637 3736 res
656 3679 824 3750 postulabat,
843 3682 921 3745 abas,
939 3683 969 3735 in
985 3681 1083 3748 prImis
1102 3681 1278 3736 Blassiacum
1296 3684 1333 3736 cl·

212 3751 303 3802 terem
321 3762 345 3800 a.
366 3749 440 3810 1895,
458 3750 649 3816 inspiciebam.

315 3815 344 3880 2)
371 3817 503 3871 Berichte
521 3817 591 3871 iiber
608 3820 653 3872 die
670 3819 909 3887 Verbandlungen
927 3819 977 3871 dor
994 3819 1051 3886 kgi.
1070 3819 1161 3872 stichs
1178 3818 1332 3874 Gesellseh.

214 3883 239 3937 d.
259 3885 343 3938 Wiss.
362 3886 506 3952 phin-hist.
525 3885 563 3939 01.
584 3888 657 3941 1891.
677 3902 702 3954 p.
721 3890 751 3940 41
773 3903 813 3955 sq.

316 3956 345 4012 31
373 3954 528 4008 Haudbuch
547 3956 596 4008 der
612 3957 717 4023 griecb.
737 3956 1018 4011 Staatsaltorthiimer
1035 3954 1057 4007 1²
1076 3953 1152 4008 1893,

315 4023 345 4089 4)
373 4023 484 4076 Griech.
503 4023 607 4078 Staats·
625 4026 682 4078 und
699 4023 1008 4080 Rechtselterthiirner²
1028 4022 1094 4077 1892
1113 4045 1145 4068 =
1163 4025 1269 4079 Handb.
1284 4027 1334 4080 der

213 4092 299 4146 kless
318 4092 568 4147 Alterthumswiss.
587 4093 632 4147 iV.
653 4095 676 4156 1,
696 4097 718 4148 1.

315 4162 342 4222 ὁ)
369 4161 421 4214 sul
436 4174 461 4213 u.
475 4158 1139 4231 ’1931(1οτπο1ιτεία11ι1ηναιωνᾱθεΑτῑεϊοωΙοε.
1169 4162 1243 4215 Berl.
1258 4161 1332 4249 1393.

316 4231 344 4296 o)
372 4230 389 4290 1.
408 4231 424 4282 1.
444 4243 469 4296 p.
488 4232 546 4293 aar,
564 4230 623 4284 245.
984 4309 985 4313 Ν
1284 4224 1393 4353 Λ-ςμ.
