2924 4928
728 349 771 413 64

187 553 365 618 auctoribus
388 570 420 616 se
444 551 502 614 niti
524 552 590 633 ipse
613 552 788 630 confitetur,
816 555 921 618 tamen
937 552 1031 618 verba
1054 552 1094 617 ad
1109 569 1217 616 vocem
1240 551 1318 615 ἀπο-

187 656 317 731 στολεύς
340 654 563 737 explanandam
581 655 720 720 adhibita
736 656 828 720 nimis
853 656 1029 721 communia
1051 655 1124 720 sunt
1147 656 1179 718 91
1201 673 1218 719 9
1240 673 1316 720 1999

187 758 380 834 ἀποστολεὺς
402 759 528 840 ipsoex
550 761 636 837 parte
659 759 757 842 petite
780 779 846 825 9999
870 759 1015 824 videntur
1038 760 1092 837 ita,
1116 762 1151 823 ut
1174 759 1214 823 ad
1237 760 1317 821 tem·

186 881 260 944 pora
282 861 409 943 antiqua
432 860 543 926 reterre
565 880 680 926 verear.

288 964 361 1028 Mox
397 963 671 1029 animadvertimus
708 964 911 1029 Aristotelem
949 963 1095 1046 primario
1140 979 1195 1026 suo
1232 959 1317 1026 inter

186 1067 285 1131 fontes
317 1065 478 1131 Pollucem
510 1067 576 1130 loco
607 1068 731 1148 privari.
785 1067 821 1131 11
855 1067 966 1148 poletis
1004 1071 1086 1131 enim
1123 1063 1315 1146 explicandis

186 1168 274 1233 initio
298 1169 498 1234 Aristotelem
522 1171 573 1234 47.
605 1170 797 1252 2999111191,
840 1171 906 1236 tum
940 1188 1011 1235 vero
1043 1168 1176 1251 vestigia
1202 1186 1316 1232 evane-

188 1271 287 1348 scunt,
324 1272 416 1337 etad
440 1272 532 1338 finem
556 1274 685 1355 denique
711 1273 820 1340 Pollux
843 1292 914 1338 cum
936 1273 1082 1355 Harpe.
1105 1292 1134 1336 r.
1159 1270 1316 1356 μετοίκιον

187 1376 218 1440 91
242 1375 330 1440 Dem.
359 1374 410 1439 25.
438 1375 479 1440 57
506 1377 636 1442 collatus
662 1378 750 1442 docet
772 1377 889 1441 lexicon
913 1376 1102 1441 rhetoricum
1124 1395 1141 1440 a
1165 1374 1315 1458 scriptore

187 1479 290 1542 nostro
314 1480 496 1561 usurpatum
520 1499 586 1543 esse
598 1480 632 1562 ¹).
1208 1540 1210 1544 ,

288 1581 426 1665 Euthyni
456 1582 474 1664 §
508 1581 569 1646 100
601 1583 751 1665 quomodo
784 1604 820 1648 ex
845 1582 1013 1647 Aristotele
1046 1581 1207 1647 derivandi
1240 1579 1313 1659 sint,

182 1680 249 1763 jam
272 1703 365 1764 supro
376 1684 400 1765 ²)
423 1684 567 1749 vidimus.

288 1785 368 1850 Tum
391 1789 561 1868 sequuntur
582 1786 610 1850 oi
634 1786 881 1870 τετταράκοντα,
916 1806 1046 1870 quorum
1077 1785 1179 1852 officia
1202 1803 1316 1850 sccun-

188 1886 261 1950 dum
284 1888 484 1953 Aristotelem
514 1890 566 1954 53.
593 1891 608 1951 l
642 1893 832 1968 enarrantur,
865 1889 964 1955 alieno
987 1888 1199 1955 additamento
1231 1885 1314 1973 μίσει

187 1998 241 2051 τοῦ
265 1990 400 2075 ἀριθμοῦ
424 2000 477 2054 τοῦ
502 1991 669 2074 τριάκοντα
691 1993 784 2057 facile
807 1993 923 2076 agnito.

288 2093 469 2179 Eisagogeis
492 2096 510 2177 5
535 2095 594 2159 101
618 2095 658 2159 ad
680 2096 811 2160 Aristot.
836 2096 887 2160 53.
911 2095 931 2156 2
963 2095 1137 2160 referendos
1161 2113 1227 2161 esse
1245 2093 1314 2176 iam

187 2194 249 2259 dixi
260 2195 296 2278 ³).

288 2300 325 2363 In
348 2306 365 2376 §
391 2298 452 2362 102
475 2301 576 2365 media
598 2301 758 2365 Pollucem
782 2302 986 2367 Aristotelem
1008 2301 1060 2364 52.
1087 2301 1102 2363 1
1130 2301 1234 2382 ipsum
1258 2299 1313 2364 ad-

187 2401 323 2468 hibuisse
346 2403 414 2468 ideo
437 2403 639 2469 confidentius
663 2404 883 2484 contenderim,
907 2405 980 2486 quia
995 2404 1133 2469 ordinem
1149 2406 1180 2469 et
1197 2421 1314 2487 genera

187 2507 404 2573 sceleratorum
437 2507 600 2596 (1111191911,
634 2507 825 2590 Accedimus,
851 2506 1109 2592 ἀνδραποδισταί)
1144 2525 1312 2571 9999991-

186 2609 280 2674 19111.
326 2608 428 2675 091911
444 2610 659 2694 lexicographi,
683 2611 742 2675 etsi
757 2610 934 2676 Aristotelis
949 2610 1092 2675 habitum
1114 2609 1190 2674 satis
1206 2611 1312 2691 aperte

186 2730 258 2792 prae
282 2730 314 2776 se
337 2712 451 2791 ferunt,
485 2714 539 2777 aut
561 2714 661 2778 aliena
693 2712 811 2778 addunt
844 2714 918 2791 (lox.
942 2712 1012 2797 Seg.
1036 2712 1074 2777 V.
1097 2711 1169 2776 250.
1193 2713 1214 2774 4
1236 2713 1312 2796 ἀγο-

187 2813 296 2897 μένους
329 2814 380 2877 eu
404 2816 647 2901 κακουργήμασι
659 2817 684 2901 ⁴)
720 2819 752 2882 et
782 2827 885 2902 φονεῖς
907 2837 962 2900 pro
994 2816 1184 2898 λωποδύται,
1218 2816 1312 2880 Phor.

185 2916 416 3001 9.1.ἡγεμον.
445 2918 610 3004 beaucoup.
638 2947 677 2976 =
702 2921 785 2986 Suid.
808 2922 851 3004 gl.
879 2923 893 2984 l
919 2919 1036 3005 λῃσταί
1067 2938 1121 3002 pro
1155 2917 1308 3000 κλέπται,

185 3018 244 3081 lex.
269 3018 356 3085 Dem.
380 3040 409 3102 p.
437 3020 475 3083 13
498 3021 536 3085 ud
559 3023 577 3105 ἕ
601 3022 643 3084 49
665 3022 717 3086 ἐπὶ
739 3023 986 3109 κακουργήμασι
1008 3022 1171 3106 generibus
1195 3021 1313 3094 nefari-

188 3139 275 3185 orum
297 3123 428 3201 omissis,
453 3125 533 3189 unde
556 3126 614 3190 lex.
638 3126 730 3190 Vind.
755 3146 785 3207 p.
808 3126 860 3192 88.
887 3127 926 3190 10
944 3127 1048 3190 :Et
1072 3126 1115 3190 M.
1138 3123 1211 3190 338.
1235 3124 1310 3204 31⁵)

186 3225 240 3287 aut
261 3223 416 3290 breviores
439 3231 511 3292 sunt
533 3228 605 3310 (lex.
629 3228 698 3312 Seg.
715 3229 753 3293 V.
773 3229 847 3293 310.
865 3227 1000 3307 14-16,
1025 3228 1116 3292 Phot.
1141 3247 1164 3291 9.
1188 3246 1217 3291 v.
1241 3227 1311 3309 περὶ

186 3433 443 3444 -........-,...-.-

290 3587 313 3652 1)
332 3587 366 3640 cf.
385 3586 526 3651 Stojentin
545 3587 561 3638 l.
581 3585 600 3638 l.
617 3601 642 3653 p.
662 3585 703 3638 24.

288 3675 315 3740 2)
334 3687 359 3739 p.
379 3673 420 3725 56.

288 3760 315 3824 3)
333 3775 358 3827 p.
377 3759 419 3812 55.

287 3845 314 3912 4)
333 3843 652 3898 Keibel-Wllamowitx
674 3843 717 3896 ed.
736 3842 759 3895 ll
785 3842 875 3897 verba
895 3841 1058 3910 κακούργους
1072 3840 1135 3900 τούς
1150 3859 1180 3892 τε
1198 3842 1228 3895 in
1247 3857 1312 3898 con-

185 3932 298 3986 textum
315 3930 475 3984 Aristotelis
502 3929 590 3996 recipi
617 3928 724 3983 volunt.
762 3928 844 3993 Quod
862 3943 922 3983 rem
940 3929 969 3982 et
987 3929 1077 3983 artem
1095 3929 1312 3995 grammaticam

185 4018 329 4085 postulare
347 4015 456 4080 Kaibel,
482 4014 536 4068 Stil
560 4015 618 4067 und
644 4013 718 4068 Text
747 4029 772 4081 p.
791 4013 842 4067 223
870 4015 1022 4068 contendit.
1067 4013 1123 4068 Sed
1146 4015 1171 4068 si
1189 4014 1312 4068 verbum

185 4101 294 4170 ἀπάγειν
321 4100 528 4167 significatione
547 4099 696 4163 communi,
723 4112 781 4152 non
804 4097 928 4165 jnridica
944 4112 1123 4166 usurpamus,
1151 4100 1179 4153 et
1197 4099 1264 4153 huic
1281 4101 1312 4152 et

184 4188 228 4240 illi
246 4187 423 4242 satisfactum
443 4187 494 4240 est.

288 4275 315 4340 5)
334 4273 367 4327 of.
386 4287 472 4340 supra
489 4286 514 4339 p.
538 4274 575 4326 19.
