2924 4928
691 323 752 386 1⁶25

153 531 219 595 tius
241 531 330 595 nobis
352 531 384 595 in
407 531 486 595 hanc
508 549 574 594 rem
596 530 814 612 inquirendum
837 530 893 593 est.
937 529 955 612 g
975 529 995 590 5
1014 527 1052 592 de
1076 526 1196 611 εὐθύνη
1220 528 1282 591 col·

153 634 230 699 latis
252 634 310 698 ier.
335 634 422 698 Dom.
446 654 476 716 p.
502 633 572 698 142.
597 633 700 711 5110,
723 632 781 697 lex.
805 632 875 714 Sag.
894 632 930 697 V.
948 631 1021 695 245.
1041 630 1071 708 6,
1098 631 1188 694 Phot.
1211 650 1235 694 s.
1252 651 1281 696 v.

155 735 289 814 codrinae,
322 735 651 820 3οίι1.ι.ν.εὐδὺνη
685 735 725 799 ad
756 735 883 799 eandem
917 734 1067 817 originem
1099 752 1118 797 a
1148 733 1282 815 mejam

156 858 251 922 snpra
263 838 289 920 ¹)
320 838 449 903 reducta
480 840 535 915 est,
569 858 629 920 quo
659 857 740 903 nunc
771 837 849 902 alios
883 837 966 901 locos
992 836 1157 919 adjungere
1179 835 1281 900 liceat.

156 941 242 1022 Quae
265 941 308 1007 sit
329 939 506 1025 ἐπαγγελία
529 939 725 1025 δοκιμασίας,
753 941 816 1004 fero
838 940 946 1004 eadem
968 940 1085 1004 ratione
1108 958 1213 1003 omnes
1236 939 1282 1003 le·

156 1044 335 1128 xioographi
358 1044 571 1108 definiverunt.
625 1045 900 1126 Harpocrationem
932 1063 957 1107 s.
982 1063 1010 1107 ν.
1041 1039 1218 1125 ἐπαγγελία
1242 1043 1283 1117 et,
1360 1119 1362 1124 Ι

157 1146 212 1227 qui
234 1147 314 1211 hunc
337 1145 435 1209 secuti
459 1146 540 1222 sunt,
564 1145 623 1208 lex.
643 1144 711 1228 Sag.
727 1144 765 1208 V.
789 1144 861 1207 256.
885 1145 905 1206 5
930 1171 969 1199 --
994 1145 1042 1207 Et.
1066 1144 1108 1206 M.
1133 1142 1207 1207 353.
1231 1142 1283 1220 43,

158 1247 243 1312 Snid.
266 1267 291 1311 s.
313 1266 344 1312 v.
366 1246 556 1331 ἐπαγγελία,
581 1248 639 1311 lex.
662 1248 755 1311 Vind.
778 1268 809 1329 p.
832 1248 884 1310 56.
907 1248 939 1325 3,
963 1265 1032 1311 cum
1059 1247 1184 1310 omnino
1201 1245 1283 1310 vocis

159 1347 336 1433 ἐπαγγελία
367 1350 516 1413 rationem
549 1350 696 1427 habeant,
729 1349 933 1413 secludamus.
986 1348 1098 1412 Pollux
1122 1348 1207 1412 Vill.
1231 1347 1283 1425 34,

160 1471 231 1518 cum
253 1452 364 1516 mondo
387 1451 557 1536 δοκιμασία
579 1454 634 1515 καί
656 1451 833 1536 ἐπαγγελία
857 1473 911 1534 pro
935 1449 1121 1536 δοκιμασίας
1143 1451 1283 1534 ἐπαγγε-

159 1553 214 1618 λία
237 1574 256 1619 a
278 1555 372 1618 schol.
396 1555 509 1619 Aeselr.
536 1557 563 1620 l.
586 1555 607 1617 2
630 1557 811 1638 exscriptus.
830 1554 909 1619 hanc
932 1573 1056 1619 causam
1080 1552 1282 1629 enumeravit,

159 1675 219 1722 non
243 1658 416 1739 explicavit.
464 1658 532 1722 Lex.
553 1658 641 1722 Denr.
665 1679 696 1741 p.
721 1658 761 1722 13
784 1661 802 1741 ξ
825 1659 866 1721 2¹3
893 1658 1028 1723 eschol.
1052 1656 1162 1721 Aesch.
1189 1656 1217 1719 l.
1240 1653 1283 1718 32

158 1761 327 1844 repetitum
343 1760 464 1826 brevius
488 1762 544 1825 est.
590 1763 650 1828 Sed
665 1782 762 1844 neque
783 1763 841 1826 hoc
862 1780 959 1843 nequo
978 1761 1035 1825 illo
1059 1760 1209 1824 distenta
1231 1777 1282 1821 ce·

136 1865 235 1935 ,teris
265 1865 352 1944 locis,
384 1865 437 1946 qui
468 1884 573 1930 omnes
597 1886 749 1930 unacum
773 1865 876 1930 Psello
900 1867 918 1947 ξ
943 1863 983 1927 19
1005 1863 1044 1928 ad
1067 1864 1196 1927 eandem
1219 1862 1283 1925 for-

157 1986 243 2032 mam
264 1968 403 2032 redeunt.

52 2156 365 2241 8οῑι1.ο.ν.δοκιμα-
425 2159 498 2221 Lex.
523 2161 598 2240 Sep.
623 2158 670 2222 Ι1Ι.
774 2158 848 2220 [ex.
872 2158 947 2237 Sep.
970 2157 1007 2220 V.
1057 2154 1173 2297 μΜίσίι.
1198 2155 1292 2217 Penii.
1315 2153 1387 2236 §a

54 2243 128 2308 σίοιν
160 2241 363 2326 ἐπαγγεῖλαι·
480 2246 546 2308 185.
570 2247 613 2310 32
820 2243 887 2307 241.
914 2244 957 2306 15.
1057 2316 1059 2349 Ι

10 2434 13 2497 γ
56 2400 91 2460 τὸ
115 2395 209 2481 δίκην
240 2394 365 2480 ἑταιρὴ-
394 2396 578 2481 δοκιμασίαν
602 2396 699 2480 ἐπαγ·
737 2394 924 2480 δοκιμασίαν
946 2354 1059 2478 ἐπαγ-Ι

58 2496 137 2574 cedre
160 2519 230 2561 τινα
245 2519 366 2582 καταγ-
393 2499 520 2582 γεῖλαι·
555 2501 590 2562 τὸ
623 2472 715 2562 και·Ι
736 2497 842 2582 γεῐλαι
855 2519 862 2533 ·
876 2500 910 2560 τὸ
921 2518 1043 2580 καταγ-
1081 2495 1162 2556 τὸδὲ
1175 2491 1389 2577 καταγγεῖλαί

58 2601 175 2685 γεῖλαι.
195 2599 315 2684 γίνεται
333 2600 367 2662 δέ
393 2601 543 2685 αγγείλαι
608 2530 716 2686 δίκηνί
736 2601 842 2685 γεῖλαι
855 2598 947 2685 δίκην
961 2597 1044 2662 ἑται-
1080 2620 1148 2662 τινα
1157 2597 1248 2682 δίκην
1262 2595 1386 2680 ἑταιρή-

60 2703 159 2788 pade
178 2700 368 2787 ἑταιρήσεως
394 2703 584 2788 ἐπαιρήσεὼς
618 2676 716 2805 ainai
737 2704 856 2789 ρήσεως
871 2703 900 2765 οἱ
915 2701 1044 2786 ῥήτορες
1081 2723 1159 2777 σεως
1211 2698 1389 2783 ἐπαγγελία

62 2803 228 2889 δοκιμασία
250 2807 286 2868 οὐ
307 2815 366 2869 ποῖ-
714 2842 716 2873 ε
737 2804 923 2890 δοκιμασίαν
946 2806 1059 2887 ἐπαγ·Ι
1081 2802 1264 2887 δοκιμασίας
1319 2801 1387 2865 ἐλέ-

64 2928 107 2970 σιν
121 2907 207 2971 ἀλλὰ
222 2907 366 2972 πολιτευ-
459 2959 462 2967 .
714 2894 840 2992 ἷγεῖλαι
863 2908 1010 2972 ἐκάλουν.
1057 2860 1166 2991 ίγετο.
1254 2922 1256 2926 ’

378 2984 381 3011 Ι

65 3008 178 3094 ομένοις
238 3009 366 3095 ῥήτορσι
714 2978 716 3111 i

66 3114 115 3175 καί
175 3111 367 3199 ψηφίσματα
714 3134 716 3213 γ

66 3213 225 3298 γράφουσι.
713 3218 716 3285 Ι

266 3404 369 3468 Etiam
402 3404 460 3469 hoc
492 3405 558 3471 loco
580 3405 720 3470 Psellum
754 3407 790 3470 ad
815 3407 872 3470 lex.
896 3405 965 3488 Seg.
989 3405 1017 3468 V
1044 3405 1168 3487 propius
1192 3423 1281 3486 quarn

163 3505 203 3570 ad
226 3507 337 3571 Suidae
360 3509 453 3572 verba
475 3509 618 3574 accedere
641 3510 731 3574 facile
754 3510 830 3573 mihi
854 3508 1008 3574 concedes.

267 3607 379 3674 Contra
410 3630 501 3692 quem
525 3629 618 3675 causa
640 3611 764 3695 φάσεως
786 3612 928 3676 instituta
951 3611 1001 3688 sit,
1033 3610 1132 3692 magis
1159 3610 1191 3672 in
1215 3610 1283 3674 uni·

163 3731 286 3776 versum
309 3712 532 3794 Harpocration
556 3733 581 3779 s.
604 3733 633 3778 v.
656 3714 758 3798 φοίσις,
782 3715 862 3778 unde
886 3714 969 3778 Suid.
993 3733 1017 3776 s.
1037 3733 1064 3776 v.
1089 3711 1181 3796 φοίσις
1203 3711 1283 3795 gi?

162 3815 194 3878 et
219 3813 267 3877 idt.
291 3815 335 3879 M.
358 3815 432 3879 795.
458 3816 497 3878 19
519 3820 729 3895 manaverunt,
755 3818 935 3899 disputavit.
980 3816 1016 3879 In
1035 3816 1143 3892 primis
1168 3815 1205 3892 ei,
1231 3814 1283 3896 qui

162 3916 277 3999 injuria
299 3917 458 3998 praedium
490 3918 648 3999 publicum
671 3919 878 4001 possidebant,
910 3921 987 3988 tum.
1019 3920 1072 3999 qui
1095 3917 1202 3983 domos
1225 3936 1284 3997 pu·

163 4106 403 4114 ----—-——
416 4109 420 4113 .

167 4252 174 4263 .
269 4228 294 4287 1)
315 4238 341 4290 p.
359 4224 401 4276 34.
