2924 4928
714 324 736 388 6

162 533 251 598 irrita
281 530 365 596 facta
397 534 488 596 55555.
542 530 612 611 1555
635 527 766 610 scriptor
789 526 904 608 apertis
928 525 1029 590 verbis
1053 524 1176 607 saepius
1201 543 1303 590 suum

162 637 285 718 tempus
307 633 473 717 praeterito
496 632 640 715 opposuit
658 631 697 696 ci.
713 630 847 708 45.1‚3‚
872 627 924 693 49.
934 627 964 706 3,
988 626 1083 707 53.1,
1098 627 1193 708 551,
1210 625 1304 691 5553

163 737 420 822 (πρότερον-νῦν).
459 734 548 802 Unde
570 735 681 813 elucet
715 734 872 799 auctorem
897 750 957 798 non
981 733 1046 796 sine
1065 729 1184 814 judicic
1209 729 1302 796 fonte

163 860 219 907 suo
241 859 332 906 usum
354 859 432 906 esse.

264 942 372 1024 Neque
403 941 567 1025 quisquam
598 939 756 1005 dubitabit
779 938 1020 1004 Wilamowitzio
1044 934 1206 1014 assentiri,
1238 935 1300 1017 qui

163 1045 272 1128 probet
293 1045 495 1111 Aristotelem
517 1045 549 1108 in
571 1043 629 1109 bac
653 1044 741 1125 parte
762 1043 847 1127 leges
871 1040 1026 1108 adhibitas
1049 1039 1238 1105 contraxisse
1263 1039 1301 1102 et

163 1167 253 1230 saepe
277 1148 378 1214 taedio
400 1147 451 1213 vel
472 1148 535 1213 alia
556 1165 650 1212 causa
672 1147 860 1211 commotum
885 1144 987 1210 officia
1010 1142 1203 1226 singulorum
1223 1158 1300 1205 ma-

162 1251 350 1335 gistratuum
380 1269 440 1315 555
471 1269 568 1333 usque
595 1249 635 1315 ad
657 1249 750 1314 finem
772 1250 968 1331 persecutum
992 1265 1069 1312 esse.
1124 1242 1213 1325 Quod
1235 1263 1300 1326 ap·

163 1354 251 1436 paret
271 1354 304 1418 in
327 1355 435 1436 primis
457 1354 556 1419 tribus
578 1354 676 1419 locis:
711 1372 778 1435 cap.
800 1351 889 1416 49.5
922 1350 976 1415 ubi
1002 1367 1132 1414 munera
1155 1346 1297 1424 5555555,

163 1476 240 1540 quae
262 1456 462 1523 describenda
485 1459 514 1522 ei
536 1457 703 1535 restabant,
726 1457 775 1521 bis
799 1455 901 1521 verbis
923 1451 1087 1534 transigit:
1122 1450 1300 1515 συνδιοικεῖ

163 1559 197 1622 δὲ
234 1562 289 1623 καὶ
322 1570 391 1637 ταῖς
421 1560 533 1637 ἄλλαις
567 1562 680 1646 ἀρχαῖς
712 1562 752 1623 τὰ
784 1557 927 1641 πλεῖσθ’,
962 1557 1003 1633 ὡς
1034 1558 1108 1631 ἔπος
1139 1551 1296 1634 εἰπεῖνι),

164 1680 230 1744 555.
254 1663 341 1728 551
375 1664 429 1728 ubi
459 1664 561 1729 taedio
589 1664 697 1746 555555
729 1681 788 1727 555
821 1680 925 1727 omnes
957 1660 1117 1725 enumerat
1139 1657 1204 1722 dies
1228 1654 1298 1719 sol-

163 1765 281 1829 lemnes
312 1767 345 1830 et
374 1765 474 1843 ludos,
506 1765 617 1848 quibus
648 1764 760 1830 archon
784 1784 836 1829 rer
858 1783 1000 1847 praeesse
1023 1762 1123 1838 debet,
1156 1757 1210 1826 sed
1241 1756 1297 1821 bis

163 1866 265 1931 verbis
287 1870 426 1950 perorat:
461 1868 502 1944 ὡς
524 1867 550 1931 δ’
574 1870 648 1944 ἔπος
671 1868 769 1932 εἰπεῖν
790 1870 846 1945 τὰς
868 1866 1015 1951 πατρίους
1037 1863 1152 1939 θυσίας
1180 1862 1298 1926 διοικεῖ

164 1970 254 2044 Οὗτος
268 1969 372 2046 πάσας
382 1971 418 2052 ²),
441 1991 508 2054 555.
532 1973 620 2038 5553
643 1973 696 2037 ubi
719 1971 821 2037 officia
845 1970 1032 2054 polemarcbi
1055 1966 1199 2034 similiter
1218 1982 1296 2029 eon·

163 2070 243 2136 ficit:
271 2075 326 2136 καὶ
349 2074 440 2139 τᾶλλ’
464 2077 524 2139 ὅσα
548 2086 611 2151 τοῖς
633 2074 774 2151 πολίταις
796 2074 812 2137 ὁ
835 2076 954 2159 ἄρχων,
980 2081 1080 2136 ταῦτα
1103 2079 1167 2146 τοῖς
1190 2063 1295 2152 μετοί-

164 2195 231 2250 κοις
254 2175 271 2238 ὁ
293 2174 504 2262 πολέμαρχος.

266 2277 386 2358 Quibus
416 2279 448 2342 in
474 2279 565 2344 rebus
587 2280 614 2343 si
638 2279 844 2344 Wilamouitz
877 2278 1090 2361 acquievisset,
1124 2276 1292 2353 neminem,

164 2383 248 2461 puto,
280 2380 490 2447 adversarium
513 2381 639 2447 haberet
660 2383 702 2461 et,
735 2383 917 2465 quicumque
948 2380 1021 2445 huic
1044 2380 1144 2463 operis
1168 2379 1293 2444 Aristo·

164 2485 238 2550 telei
268 2487 349 2568 parti
372 2506 495 2570 operam
518 2489 674 2567 navarent,
707 2487 838 2554 libenter
862 2489 1027 2571 probarent
1048 2486 1092 2567 id,
1119 2483 1199 2566 quod
1223 2481 1290 2547 Wi-

164 2588 319 2654 lamouitz
341 2590 363 2655 l.
386 2589 406 2654 l.
431 2589 446 2654 Ι
468 2610 497 2673 p.
521 2589 583 2654 257
607 2589 700 2654 dicit:
732 2589 818 2654 Haec
839 2608 888 2654 res
921 2591 969 2653 cst
995 2587 1108 2653 summi
1130 2584 1292 2660 momenti,

164 2697 283 2756 certum
314 2695 346 2757 et
378 2692 501 2758 firmum
532 2693 686 2759 exstitisse
717 2693 812 2758 tetius
845 2693 1011 2757 memoriae
1034 2689 1288 2755 fundamentum:

164 2793 248 2877 leges
270 2794 365 2876 ipsas.
410 2794 602 2878 Quicumque
625 2797 776 2861 sermonis
799 2795 1035 2876 inscriptionum
1051 2811 1111 2857 non
1127 2792 1291 2873 imperitus

164 2896 221 2973 est,
252 2914 312 2960 non
344 2895 456 2961 dubius
479 2897 627 2977 haerebit,
661 2898 811 2980 quantum
842 2897 902 2962 sibi
925 2896 964 2961 ad
986 2896 1070 2978 legas
1097 2894 1290 2959 referendum

164 2997 216 3062 sit.
268 2997 455 3063 Aristoteles
485 3000 552 3065 sine
584 3000 677 3066 dubio
700 3001 754 3066 aut
776 3000 836 3065 sibi
858 2999 1031 3081 exemplum
1055 2996 1182 3081 aliquod
1204 3015 1291 3061 com·

164 3119 272 3182 parare
294 3102 348 3166 aut
369 3103 540 3184 praecepta,
573 3122 651 3184 quae
674 3104 741 3167 tum
764 3102 913 3186 vigerent,
945 3100 1016 3165 inde
1048 3101 1155 3182 petere
1177 3099 1289 3182 potuit,

164 3203 349 3287 ubicumque
371 3204 400 3270 ei
421 3204 574 3287 placebat.
624 3205 737 3272 Omnes
760 3207 879 3290 patroni
903 3205 935 3270 et
957 3204 1093 3269 oratores
1117 3204 1156 3268 ad
1179 3221 1290 3268 causas

165 3304 370 3372 defendendas
401 3308 522 3389 'legibus
554 3327 657 3375 carere
689 3328 747 3375 555
780 3309 957 3392 555555555.
1014 3305 1152 3385 Quarum
1184 3306 1288 3388 legum

165 3411 305 3492 exempla
326 3411 458 3476 Athenis
489 3412 588 3477 multa
618 3413 712 3478 fuisse
735 3412 922 3479 credendum
944 3411 992 3476 est
1013 3412 1134 3493 praeter
1155 3409 1288 3486 tabulas,

165 3513 229 3579 aeri
250 3513 363 3579 incisas
386 3515 417 3578 et
439 3533 494 3596 per
516 3516 624 3581 urbem
647 3516 754 3581 multis
785 3515 861 3580 locis
893 3514 1020 3597 positas,
1053 3532 1131 3599 quae
1164 3513 1289 3596 quidem

165 3618 268 3699 partes
290 3619 412 3682 tontum
434 3618 581 3703 singulas,
606 3639 665 3684 non
687 3621 787 3684 totam
809 3617 912 3702 legem
935 3617 1219 3701 complecterentur.

268 3719 327 3784 Sed
346 3720 464 3800 dubito,
486 3741 561 3786 num
584 3723 653 3805 quis
675 3722 776 3786 virum
799 3719 924 3786 doctum
947 3721 1031 3786 ultra
1053 3721 1214 3785 secuturus
1237 3721 1287 3798 sit,

165 3819 248 3886 idem
263 3821 381 3902 dubito,
404 3842 478 3888 num
493 3825 637 3906 cuiquam
653 3825 773 3908 praeter
789 3843 822 3890 se
836 3825 940 3908 ipsum
954 3824 1150 3907 persuaserit,
1166 3821 1255 3887 Arist
1274 3856 1290 3870 ·

168 4027 426 4037 ·-———---

270 4168 294 4224 1)
314 4162 347 4218 ci.
362 4163 554 4218 Wilamowitz
571 4164 588 4216 l.
607 4163 625 4216 l.
644 4164 655 4216 l
672 4178 699 4231 p.
711 4164 771 4218 215.

267 4267 295 4332 2)
315 4266 348 4320 cf.
360 4266 552 4321 Wilamowitz
569 4268 589 4320 l.
607 4267 626 4320 l.
643 4267 656 4320 Ι
673 4282 699 4335 p.
712 4269 772 4321 251.
