2924 4928
674 319 713 383 ll

592 409 796 419 --.-.-.-...

133 522 243 589 3131313
257 521 281 599 ¹)
305 524 337 587 31
359 521 562 606 (1333311131)
585 523 626 588 113
657 523 714 588 331.
767 522 941 607 Etymolog.
965 522 1068 587 autem
1090 522 1169 587 illud
1191 521 1255 588 Ge·

132 626 260 692 nuinum
298 644 485 708 quamquam
523 626 631 691 multis
666 626 754 691 libris
792 626 1012 708 manuscriptis
1056 644 1074 688 a
1109 625 1255 690 Reitzen-

133 727 281 802 steinio³l
304 728 493 793 enumeratis
516 729 701 807 continetur,
733 729 837 794 tamen
861 728 945 793 solus
968 727 1164 792 Florentinus
1187 728 1254 792 cod.

133 834 164 898 S.
188 831 286 896 Marci
307 831 371 896 304
394 851 412 896 a
436 831 593 914 Millero‘)
625 833 657 898 et
688 833 714 896 is
741 833 873 915 pessime
895 833 978 916 typis
1003 831 1174 913 descriptus
1197 833 1255 909 ast,

131 936 176 1000 ita
198 936 234 998 31
255 934 442 1017 ignoramus,
464 934 539 1017 quid
554 936 653 1000 exstet
674 936 705 999 in
723 935 788 1000 cod.
807 954 874 1014 ms,
898 934 971 1018 quid
987 933 1113 1014 desit⁵p
1144 934 1253 1017 Itaque

133 1037 207 1102 dum
229 1036 377 1103 editiones
400 1037 660 1104 nomentano.
683 1037 892 1116 aCarnuthio,
916 1038 1060 1103 1111133.
1077 1056 1095 1101 a
1111 1038 1255 1102 Reitzen-

133 1139 243 1205 steinio
266 1141 435 1222 promissae
458 1141 679 1220 desiderantur,
707 1141 837 1207 hacvia
859 1141 1024 1206 satistuto
1046 1159 1105 1206 non
1128 1158 1255 1223 progre-

133 1245 235 1310 dieris.
279 1243 364 1324 Quae
387 1264 457 1310 cum
480 1246 525 1310 ita
547 1245 619 1325 sint,
641 1246 699 1310 hae
722 1246 898 1328 quaestione
918 1246 1044 1322 remota,
1069 1245 1144 1310 satis
1159 1243 1254 1309 habui

131 1348 237 1412 ineas
269 1367 317 1412 res
343 1349 504 1431 inquirere,
543 1368 621 1431 quae
653 1367 724 1413 cum
753 1349 786 1412 13
810 1347 988 1414 Aristotelis
1020 1347 1058 1411 de
1085 1347 1254 1430 RepublIca

133 1451 369 1517 Atheniensium
399 1451 499 1517 libelli
530 1454 619 1534 parte
650 1451 817 1535 posteriore
847 1453 917 1516 tum
947 1451 978 1516 in
1006 1450 1145 1515 Pollucis
1176 1449 1255 1514 libro

131 1553 217 1619 VIII.
250 1555 460 1638 explanantur.
513 1554 604 1634 Nam,
637 1556 697 1620 nisi
723 1556 823 1635 fallor,
855 1555 1031 1638 negandum
1063 1555 1121 1632 est,
1151 1554 1253 1636 Etyur.

132 1657 238 1740 Magn.
270 1658 300 1722 in
333 1657 445 1740 glossis
479 1658 586 1723 eodem
617 1658 637 1723 i.
660 1678 687 1724 3.
714 1659 753 1724 ad
783 1678 832 1724 ras
863 1657 1004 1742 publicas
1031 1655 1255 1739 judicialesque

136 1760 370 1826 Atheniensium
400 1762 612 1844 spectantibus
635 1762 752 1828 iontem
782 1763 849 1828 tum
875 1762 1003 1844 exiguae
1025 1760 1092 1823 tum
1115 1775 1255 1823 summae

133 1864 326 1928 auctoritatIs
366 1883 399 1929 se
439 1866 642 1946 praest'tisse.
710 1865 764 1931 Sin
800 1866 898 1949 igitur
933 1861 1254 1936 demonstraverimus,

132 1967 214 2032 hunc
245 1967 427 2048 scriptorem
457 1967 520 2033 sere
551 1987 672 2051 semper
697 1970 821 2053 propter
842 1968 920 2034 vitia
942 1964 1180 2032 innumerabilia
1201 1981 1256 2043 pro

132 2070 229 2135 nihilo
261 2071 436 2136 habendum
467 2072 498 2136 et
530 2073 666 2138 nostram
689 2072 824 2155 glossam
848 2090 940 2155 supra
962 2070 1099 2134 notatam
1122 2067 1185 2132 alia
1206 2085 1256 2130 ra-

132 2173 225 2252 tione,
242 2193 278 2239 ae
293 2174 499 2241 Wilamowitz
515 2176 624 2254 voluit,
647 2174 860 2257 orpheandam
875 2192 950 2252 3333,
974 2172 1046 2237 huic
1064 2169 1141 2236 fonti
1162 2167 1255 2232 fidem

133 2277 360 2360 abrogabimus.

235 2381 340 2447 Naher
349 2381 384 2467 ⁶),
421 2383 607 2466 ubicumque
633 2383 663 2447 in
686 2382 746 2446 fine
772 2381 895 2465 glossae
918 2376 1126 2464 Etymologici
1147 2374 1255 2457 Magni

132 2483 264 2551 addatur
301 2485 455 2572 ῥητορική
492 2487 541 2552 331
576 2487 618 2562 εἰς
651 2485 687 2549 τό
724 2482 888 2571 ῥητορικόν
920 2482 970 2547 331
1007 2481 1046 2544 ἐκ
1076 2487 1131 2542 τοῦ
1164 2478 1255 2562 ῥητο-

132 2597 218 2673 ρικοῦ
249 2589 300 2654 331
330 2588 432 2654 slmila
464 2588 546 2672 quid,
580 2591 722 2655 Photium
752 2587 852 2652 solum
876 2586 990 2651 fontem
1013 2582 1154 2663 intellegi
1178 2581 1254 2645 vult.

131 2690 314 2774 ,Componat
356 2692 433 2757 mihi
477 2694 558 2776 quIs‘
597 2693 697 2776 Inquit
733 2690 892 2766 ,Photium
937 2706 1009 2752 cum
1052 2684 1254 2769 Etymologo:

132 2793 267 2859 inveniet
298 2813 403 2860 omnes
435 2795 490 2861 has
521 2797 641 2879 glossas
674 2796 705 2859 13
728 2794 840 2859 Photio
863 2792 964 2857 adhue
986 2807 1154 2873 superasse.
1200 2786 1252 2849 In-

131 2898 234 2963 veniet
256 2897 337 2963 haud
360 2918 428 2964 raro
451 2901 546 2966 133133
569 2900 672 2984 plures
694 2899 876 2981 adscriptos,
910 2895 1082 2961 uberiorem
1105 2892 1256 2973 interpre-

131 3001 290 3080 tationem,
310 3002 363 3067 sed
378 3002 420 3080 id,
444 3003 525 3087 quod
547 3005 641 3086 eaput
661 3005 706 3068 rei
728 3004 786 3081 ast,
809 3000 997 3082 corruptelas
1014 2996 1157 3062 easdem‘.
1195 2992 1256 3058 Sed

133 3105 268 3171 conferat
298 3125 410 3188 quaeso
442 3107 489 3171 vir
520 3107 716 3172 doctissimus
748 3107 885 3189 glossam
916 3100 1079 3188 ὑπωμοσίαι
1101 3098 1183 3180 apud
1205 3098 1255 3161 111.

133 3207 237 3290 Magn.
259 3207 386 3274 walo
416 3228 487 3274 cum
519 3210 623 3275 eadem
648 3211 678 3274 in
702 3209 807 3274 Photii
829 3208 934 3286 lexico,
964 3204 1084 3271 adscita
1105 3202 1254 3282 Harpocr.

132 3311 264 3394 epitome
295 3312 450 3378 academ
481 3331 572 3378 voca:
603 3313 677 3397 jam,
710 3313 796 3396 puto,
830 3329 927 3393 nequa
960 3309 1026 3391 ipse
1048 3303 1257 3390 perseverabit

131 3413 189 3480 hoc
220 3415 401 3481 contendere
432 3435 529 3500 nequa
564 3417 736 3501 Boysan⁷l
768 3435 857 3499 porro
889 3410 1101 3488 confirmabit,
1138 3405 1255 3474 Naberi

236 3659 260 3724 1)
278 3658 352 3712 Berl.
370 3659 437 3727 phli.
455 3658 554 3713 Woeh.
579 3658 652 3713 1895.
688 3673 714 3726 p.
735 3659 792 3713 793.
810 3657 869 3712 895.
887 3657 947 3711 856.

235 3744 263 3811 2)
280 3745 422 3800 Festschr.
440 3746 458 3800 1.
476 3747 572 3800 hudw.
590 3745 780 3809 Friedlbnder,
806 3760 832 3813 3.
852 3745 981 3799 67-195.

235 3833 263 3898 3)
281 3833 354 3888 Berl.
373 3833 440 3901 phil.
457 3833 556 3887 Woeh.
586 3834 661 3888 1895.
691 3848 717 3901 p.
736 3834 794 3889 796.

233 3916 263 3987 4)
280 3919 342 3973 Mel.
361 3919 395 3974 de
412 3918 467 3973 1111.
484 3933 526 3987 gr.
547 3919 614 3974 1888
631 3933 657 3986 3.
678 3925 707 3973 11
728 3934 769 3988 sq.

235 4006 264 4069 5)
281 4005 482 4070 Reitzenstein,
500 4005 602 4060 Phllol.
619 4005 662 4059 48.
675 4020 701 4074 p.
712 4007 764 4060 450
773 4008 802 4061 31
812 4005 884 4060 Berl.
896 4005 941 4074 ph.
952 4003 1051 4058 Woeh.
1066 4002 1140 4058 1895.
1158 4017 1184 4070 3.
1195 4000 1255 4056 817.

235 4092 264 4159 8)
281 4090 412 4160 Prolegg.
430 4093 466 4147 ad
483 4091 578 4147 Photll
596 4093 684 4147 lexiei
702 4092 744 4147 ed.
763 4107 788 4160 p.
809 4092 866 4146 179.

236 4179 263 4242 71
281 4180 324 4233 De
341 4179 574 4247 Harpocratiouis
600 4179 688 4234 lexiei
706 4179 832 4233 fontibus
853 4178 1035 4245 quaestiones
1052 4176 1180 4231 selectae.
1207 4175 1254 4228 in:

132 4264 274 4320 Schriften
286 4267 336 4320 der
347 4265 523 4321 Universitbt
540 4281 576 4321 au
589 4266 651 4320 Kiel
669 4280 721 4320 aus
739 4266 803 4319 dem
815 4265 902 4321 dabre
918 4264 983 4319 1818
1002 4264 1052 4319 Bd.
1064 4261 1155 4318 XXIII
1173 4277 1198 4330 p.
1212 4260 1254 4314 76.
