<?xml version="1.0" encoding="UTF-8"?>
<!DOCTYPE html PUBLIC "-//W3C//DTD XHTML 1.0 Transitional//EN"
    "http://www.w3.org/TR/xhtml1/DTD/xhtml1-transitional.dtd">
<html xmlns="http://www.w3.org/1999/xhtml" xml:lang="en" lang="en">
 <head>
  <title>
</title>
<meta http-equiv="Content-Type" content="text/html;charset=utf-8" />
  <meta name='ocr-system' content='tesseract 3.04.00' />
  <meta name='ocr-capabilities' content='ocr_page ocr_carea ocr_par ocr_line ocrx_word'/>
</head>
<body>
  <div class='ocr_page' id='page_1' title='image "./dearistotelispo00bursgoog_0040.png"; bbox 0 0 2924 4928; ppageno 0'>
   <div class='ocr_carea' id='block_1_1' title="bbox 642 393 680 454">
    <p class='ocr_par' dir='ltr' id='par_1_1' title="bbox 642 393 680 454">
     <span class='ocr_line' id='line_1_1' title="bbox 642 393 680 454; baseline 0 0"><span class='ocrx_word' id='word_1_1' title='bbox 642 393 680 454; x_wconf 86' lang='lat'><strong>15</strong></span> 
     </span>
    </p>
   </div>
   <div class='ocr_carea' id='block_1_2' title="bbox 199 558 1313 683">
    <p class='ocr_par' dir='ltr' id='par_1_2' title="bbox 199 558 1313 683">
     <span class='ocr_line' id='line_1_2' title="bbox 199 558 1313 683; baseline -0.004 -19"><span class='ocrx_word' id='word_1_2' title='bbox 199 600 304 678; x_wconf 90' lang='lat' dir='ltr'><strong>Vides,</strong></span> <span class='ocrx_word' id='word_1_3' title='bbox 329 598 464 683; x_wconf 80' lang='lat' dir='ltr'><strong>Etymol.</strong></span> <span class='ocrx_word' id='word_1_4' title='bbox 488 599 595 682; x_wconf 84' lang='lat' dir='ltr'><strong>Magn.</strong></span> <span class='ocrx_word' id='word_1_5' title='bbox 618 558 718 680; x_wconf 82' lang='lat' dir='ltr'><strong>magis</strong></span> <span class='ocrx_word' id='word_1_6' title='bbox 750 597 914 662; x_wconf 85' lang='lat' dir='ltr'><strong>abhorrere</strong></span> <span class='ocrx_word' id='word_1_7' title='bbox 946 597 1099 661; x_wconf 87' lang='lat' dir='ltr'><strong>ePhotio</strong></span> <span class='ocrx_word' id='word_1_8' title='bbox 1131 615 1224 679; x_wconf 92' lang='lat' dir='ltr'><strong>quam</strong></span> <span class='ocrx_word' id='word_1_9' title='bbox 1308 674 1313 680; x_wconf 23' lang='lat'>¹</span> 
     </span>
    </p>
   </div>
   <div class='ocr_carea' id='block_1_3' title="bbox 96 699 1228 3056">
    <p class='ocr_par' dir='ltr' id='par_1_3' title="bbox 96 699 1228 3056">
     <span class='ocr_line' id='line_1_3' title="bbox 101 699 1223 786; baseline -0.004 -18"><span class='ocrx_word' id='word_1_10' title='bbox 101 704 194 769; x_wconf 85' lang='lat' dir='ltr'>alex.</span> <span class='ocrx_word' id='word_1_11' title='bbox 210 703 397 786; x_wconf 85' lang='lat' dir='ltr'><strong>Segueriano</strong></span> <span class='ocrx_word' id='word_1_12' title='bbox 420 703 451 767; x_wconf 90' lang='lat' dir='ltr'><strong>et</strong></span> <span class='ocrx_word' id='word_1_13' title='bbox 466 702 638 768; x_wconf 85' lang='lat' dir='ltr'><strong>Petmiaco.</strong></span> <span class='ocrx_word' id='word_1_14' title='bbox 661 702 756 766; x_wconf 91' lang='lat' dir='ltr'><strong>Illum</strong></span> <span class='ocrx_word' id='word_1_15' title='bbox 778 719 833 764; x_wconf 91' lang='lat' dir='ltr'><strong>suo</strong></span> <span class='ocrx_word' id='word_1_16' title='bbox 848 699 963 783; x_wconf 89' lang='lat' dir='ltr'><strong>judicio</strong></span> <span class='ocrx_word' id='word_1_17' title='bbox 979 699 1176 784; x_wconf 74' lang='grc' dir='ltr'>καλλιερήομ</span> <span class='ocrx_word' id='word_1_18' title='bbox 1192 701 1223 764; x_wconf 92' lang='lat' dir='ltr'><strong>in</strong></span> 
     </span>
     <span class='ocr_line' id='line_1_4' title="bbox 96 802 1224 890; baseline -0.004 -21"><span class='ocrx_word' id='word_1_19' title='bbox 96 805 307 890; x_wconf 75' lang='grc' dir='ltr'>καλλιερῆσαι</span> <span class='ocrx_word' id='word_1_20' title='bbox 322 805 391 890; x_wconf 71' lang='grc' dir='ltr'><strong>δέῃ,</strong></span> <span class='ocrx_word' id='word_1_21' title='bbox 409 804 672 890; x_wconf 83' lang='grc' dir='ltr'>συγκαλλιεροῠσι</span> <span class='ocrx_word' id='word_1_22' title='bbox 688 812 753 879; x_wconf 86' lang='grc' dir='ltr'>τοῖς</span> <span class='ocrx_word' id='word_1_23' title='bbox 767 802 960 888; x_wconf 78' lang='grc' dir='ltr'>μαντεύμασι</span> <span class='ocrx_word' id='word_1_24' title='bbox 975 804 1006 867; x_wconf 96' lang='lat' dir='ltr'><strong>in</strong></span> <span class='ocrx_word' id='word_1_25' title='bbox 1023 802 1224 886; x_wconf 84' lang='grc' dir='ltr'>καλλιεροῠοι</span> 
     </span>
     <span class='ocr_line' id='line_1_5' title="bbox 97 908 1224 995; baseline -0.001 -23"><span class='ocrx_word' id='word_1_26' title='bbox 97 910 179 995; x_wconf 82' lang='grc' dir='ltr'>μετὰ</span> <span class='ocrx_word' id='word_1_27' title='bbox 202 917 263 973; x_wconf 86' lang='grc' dir='ltr'><strong>τῶν</strong></span> <span class='ocrx_word' id='word_1_28' title='bbox 287 908 427 994; x_wconf 80' lang='grc' dir='ltr'>μάντεων</span> <span class='ocrx_word' id='word_1_29' title='bbox 457 910 626 974; x_wconf 80' lang='lat' dir='ltr'><strong>mutavisse</strong></span> <span class='ocrx_word' id='word_1_30' title='bbox 660 911 691 973; x_wconf 92' lang='lat' dir='ltr'><strong>et</strong></span> <span class='ocrx_word' id='word_1_31' title='bbox 722 909 753 972; x_wconf 93' lang='lat' dir='ltr'><strong>in</strong></span> <span class='ocrx_word' id='word_1_32' title='bbox 786 908 885 972; x_wconf 89' lang='lat' dir='ltr'><strong>altera</strong></span> <span class='ocrx_word' id='word_1_33' title='bbox 912 909 998 990; x_wconf 87' lang='lat' dir='ltr'><strong>parte</strong></span> <span class='ocrx_word' id='word_1_34' title='bbox 1021 926 1075 989; x_wconf 95' lang='lat' dir='ltr'><strong>pro</strong></span> <span class='ocrx_word' id='word_1_35' title='bbox 1099 925 1224 971; x_wconf 92' lang='lat' dir='ltr'><strong>numero</strong></span> 
     </span>
     <span class='ocr_line' id='line_1_6' title="bbox 99 1009 1224 1096; baseline -0.003 -19"><span class='ocrx_word' id='word_1_36' title='bbox 99 1013 219 1078; x_wconf 81' lang='lat' dir='ltr'><strong>infinito</strong></span> <span class='ocrx_word' id='word_1_37' title='bbox 245 1011 382 1096; x_wconf 80' lang='grc' dir='ltr'>ἀόριστοι</span> <span class='ocrx_word' id='word_1_38' title='bbox 413 1031 574 1077; x_wconf 91' lang='lat' dir='ltr'><strong>numerum</strong></span> <span class='ocrx_word' id='word_1_39' title='bbox 606 1013 725 1077; x_wconf 87' lang='lat' dir='ltr'><strong>certum</strong></span> <span class='ocrx_word' id='word_1_40' title='bbox 757 1010 836 1075; x_wconf 81' lang='grc' dir='ltr'>δέκα</span> <span class='ocrx_word' id='word_1_41' title='bbox 859 1011 1019 1092; x_wconf 79' lang='lat' dir='ltr'><strong>scripsisse</strong></span> <span class='ocrx_word' id='word_1_42' title='bbox 1042 1028 1101 1074; x_wconf 90' lang='lat' dir='ltr'><strong>non</strong></span> <span class='ocrx_word' id='word_1_43' title='bbox 1125 1009 1224 1087; x_wconf 92' lang='lat' dir='ltr'><strong>credo,</strong></span> 
     </span>
     <span class='ocr_line' id='line_1_7' title="bbox 102 1112 1226 1198; baseline -0.003 -19"><span class='ocrx_word' id='word_1_44' title='bbox 102 1116 283 1197; x_wconf 88' lang='lat' dir='ltr'><strong>praesertim</strong></span> <span class='ocrx_word' id='word_1_45' title='bbox 305 1134 375 1180; x_wconf 91' lang='lat' dir='ltr'><strong>cum</strong></span> <span class='ocrx_word' id='word_1_46' title='bbox 400 1117 556 1198; x_wconf 80' lang='lat' dir='ltr'>appareat,</span> <span class='ocrx_word' id='word_1_47' title='bbox 580 1114 660 1180; x_wconf 92' lang='lat' dir='ltr'><strong>undo</strong></span> <span class='ocrx_word' id='word_1_48' title='bbox 684 1134 739 1180; x_wconf 91' lang='lat' dir='ltr'><strong>sua</strong></span> <span class='ocrx_word' id='word_1_49' title='bbox 762 1113 939 1196; x_wconf 80' lang='lat' dir='ltr'><strong>sumpserit,</strong></span> <span class='ocrx_word' id='word_1_50' title='bbox 963 1112 1092 1178; x_wconf 80' lang='lat' dir='ltr'><strong>elerico</strong></span> <span class='ocrx_word' id='word_1_51' title='bbox 1109 1113 1226 1196; x_wconf 86' lang='lat' dir='ltr'><strong>Segue·</strong></span> 
     </span>
     <span class='ocr_line' id='line_1_8' title="bbox 98 1215 1224 1299; baseline -0.003 -18"><span class='ocrx_word' id='word_1_52' title='bbox 98 1219 196 1282; x_wconf 88' lang='lat' dir='ltr'><strong>riano.</strong></span> <span class='ocrx_word' id='word_1_53' title='bbox 218 1217 349 1286; x_wconf 81' lang='lat' dir='ltr'><strong>Lexicon</strong></span> <span class='ocrx_word' id='word_1_54' title='bbox 360 1218 556 1282; x_wconf 88' lang='lat' dir='ltr'><strong>Patmiaoum</strong></span> <span class='ocrx_word' id='word_1_55' title='bbox 566 1235 620 1298; x_wconf 90' lang='lat' dir='ltr'><strong>pro</strong></span> <span class='ocrx_word' id='word_1_56' title='bbox 631 1217 784 1299; x_wconf 87' lang='lat' dir='ltr'><strong>suaparte</strong></span> <span class='ocrx_word' id='word_1_57' title='bbox 796 1216 1010 1281; x_wconf 90' lang='lat' dir='ltr'><strong>communibus</strong></span> <span class='ocrx_word' id='word_1_58' title='bbox 1020 1215 1122 1280; x_wconf 90' lang='lat' dir='ltr'><strong>verbis</strong></span> <span class='ocrx_word' id='word_1_59' title='bbox 1135 1234 1224 1280; x_wconf 90' lang='lat' dir='ltr'><strong>usum</strong></span> 
     </span>
     <span class='ocr_line' id='line_1_9' title="bbox 98 1320 1226 1399; baseline -0.002 -15"><span class='ocrx_word' id='word_1_60' title='bbox 98 1341 170 1385; x_wconf 92' lang='lat' dir='ltr'><strong>cum</strong></span> <span class='ocrx_word' id='word_1_61' title='bbox 193 1320 304 1385; x_wconf 88' lang='lat' dir='ltr'><strong>Photio</strong></span> <span class='ocrx_word' id='word_1_62' title='bbox 327 1321 396 1384; x_wconf 91' lang='lat' dir='ltr'><strong>tum</strong></span> <span class='ocrx_word' id='word_1_63' title='bbox 418 1322 469 1385; x_wconf 81' lang='lat' dir='ltr'><strong>llt.</strong></span> <span class='ocrx_word' id='word_1_64' title='bbox 491 1320 536 1385; x_wconf 89' lang='lat' dir='ltr'><strong>M.</strong></span> <span class='ocrx_word' id='word_1_65' title='bbox 559 1339 665 1385; x_wconf 91' lang='lat' dir='ltr'><strong>ansam</strong></span> <span class='ocrx_word' id='word_1_66' title='bbox 689 1321 783 1399; x_wconf 88' lang='lat' dir='ltr'><strong>dedit,</strong></span> <span class='ocrx_word' id='word_1_67' title='bbox 816 1322 851 1384; x_wconf 93' lang='lat' dir='ltr'><strong>ut</strong></span> <span class='ocrx_word' id='word_1_68' title='bbox 873 1320 932 1398; x_wconf 90' lang='lat' dir='ltr'><strong>hic,</strong></span> <span class='ocrx_word' id='word_1_69' title='bbox 966 1338 1127 1384; x_wconf 88' lang='lat' dir='ltr'><strong>numerum</strong></span> <span class='ocrx_word' id='word_1_70' title='bbox 1151 1338 1226 1383; x_wconf 92' lang='lat' dir='ltr'><strong>eun·</strong></span> 
     </span>
     <span class='ocr_line' id='line_1_10' title="bbox 98 1423 1225 1506; baseline -0.002 -18"><span class='ocrx_word' id='word_1_71' title='bbox 98 1427 181 1503; x_wconf 88' lang='lat' dir='ltr'><strong>dom,</strong></span> <span class='ocrx_word' id='word_1_72' title='bbox 205 1444 333 1490; x_wconf 90' lang='lat' dir='ltr'><strong>munera</strong></span> <span class='ocrx_word' id='word_1_73' title='bbox 357 1425 419 1490; x_wconf 90' lang='lat' dir='ltr'><strong>alia</strong></span> <span class='ocrx_word' id='word_1_74' title='bbox 442 1426 536 1489; x_wconf 87' lang='lat' dir='ltr'><strong>luisse</strong></span> <span class='ocrx_word' id='word_1_75' title='bbox 560 1426 656 1503; x_wconf 87' lang='lat' dir='ltr'><strong>ratus,</strong></span> <span class='ocrx_word' id='word_1_76' title='bbox 681 1425 796 1491; x_wconf 88' lang='lat' dir='ltr'><strong>diceret</strong></span> <span class='ocrx_word' id='word_1_77' title='bbox 818 1424 956 1490; x_wconf 91' lang='lat' dir='ltr'><strong>edecem</strong></span> <span class='ocrx_word' id='word_1_78' title='bbox 972 1424 1046 1489; x_wconf 92' lang='lat' dir='ltr'><strong>viris</strong></span> <span class='ocrx_word' id='word_1_79' title='bbox 1062 1423 1225 1506; x_wconf 79' lang='lat' dir='ltr'><strong>collequm</strong></span> 
     </span>
     <span class='ocr_line' id='line_1_11' title="bbox 98 1525 1226 1610; baseline -0.004 -18"><span class='ocrx_word' id='word_1_80' title='bbox 98 1527 304 1610; x_wconf 87' lang='lat' dir='ltr'><strong>compositum</strong></span> <span class='ocrx_word' id='word_1_81' title='bbox 327 1547 403 1605; x_wconf 88' lang='lat' dir='ltr'><strong>esse,</strong></span> <span class='ocrx_word' id='word_1_82' title='bbox 434 1527 489 1592; x_wconf 92' lang='lat' dir='ltr'><strong>ille</strong></span> <span class='ocrx_word' id='word_1_83' title='bbox 520 1528 636 1605; x_wconf 86' lang='lat' dir='ltr'><strong>contra,</strong></span> <span class='ocrx_word' id='word_1_84' title='bbox 659 1529 745 1593; x_wconf 86' lang='lat' dir='ltr'><strong>ratus</strong></span> <span class='ocrx_word' id='word_1_85' title='bbox 768 1529 799 1592; x_wconf 88' lang='lat' dir='ltr'><strong>et</strong></span> <span class='ocrx_word' id='word_1_86' title='bbox 823 1546 984 1592; x_wconf 92' lang='lat' dir='ltr'><strong>numerum</strong></span> <span class='ocrx_word' id='word_1_87' title='bbox 1008 1530 1039 1591; x_wconf 86' lang='lat' dir='ltr'><strong>et</strong></span> <span class='ocrx_word' id='word_1_88' title='bbox 1061 1525 1226 1606; x_wconf 81' lang='lat' dir='ltr'><strong>collegium</strong></span> 
     </span>
     <span class='ocr_line' id='line_1_12' title="bbox 101 1626 1226 1711; baseline -0.002 -18"><span class='ocrx_word' id='word_1_89' title='bbox 101 1648 119 1693; x_wconf 84' lang='lat' dir='ltr'><strong>a</strong></span> <span class='ocrx_word' id='word_1_90' title='bbox 150 1630 249 1711; x_wconf 88' lang='lat' dir='ltr'><strong>priore</strong></span> <span class='ocrx_word' id='word_1_91' title='bbox 281 1629 402 1695; x_wconf 87' lang='lat' dir='ltr'><strong>diversa</strong></span> <span class='ocrx_word' id='word_1_92' title='bbox 432 1649 514 1709; x_wconf 87' lang='lat' dir='ltr'><strong>esse,</strong></span> <span class='ocrx_word' id='word_1_93' title='bbox 551 1632 700 1695; x_wconf 76' lang='lat' dir='ltr'><strong>statueret</strong></span> <span class='ocrx_word' id='word_1_94' title='bbox 731 1650 891 1696; x_wconf 89' lang='lat' dir='ltr'><strong>numerum</strong></span> <span class='ocrx_word' id='word_1_95' title='bbox 925 1649 1030 1695; x_wconf 86' lang='lat' dir='ltr'><strong>eorum</strong></span> <span class='ocrx_word' id='word_1_96' title='bbox 1069 1626 1226 1693; x_wconf 90' lang='lat' dir='ltr'><strong>infinitum</strong></span> 
     </span>
     <span class='ocr_line' id='line_1_13' title="bbox 102 1731 1227 1817; baseline 0.002 -24"><span class='ocrx_word' id='word_1_97' title='bbox 102 1733 204 1810; x_wconf 88' lang='lat' dir='ltr'><strong>luisse,</strong></span> <span class='ocrx_word' id='word_1_98' title='bbox 238 1731 357 1797; x_wconf 89' lang='lat' dir='ltr'><strong>scilicet</strong></span> <span class='ocrx_word' id='word_1_99' title='bbox 379 1733 451 1815; x_wconf 88' lang='lat' dir='ltr'><strong>quia</strong></span> <span class='ocrx_word' id='word_1_100' title='bbox 482 1734 558 1797; x_wconf 87' lang='lat' dir='ltr'><strong>certi</strong></span> <span class='ocrx_word' id='word_1_101' title='bbox 580 1732 659 1797; x_wconf 92' lang='lat' dir='ltr'><strong>nihil</strong></span> <span class='ocrx_word' id='word_1_102' title='bbox 682 1735 875 1817; x_wconf 84' lang='lat' dir='ltr'><strong>cognoverat.</strong></span> <span class='ocrx_word' id='word_1_103' title='bbox 921 1733 1009 1797; x_wconf 85' lang='lat' dir='ltr'><strong>Talia</strong></span> <span class='ocrx_word' id='word_1_104' title='bbox 1038 1731 1227 1809; x_wconf 86' lang='lat' dir='ltr'><strong>discrimina,</strong></span> 
     </span>
     <span class='ocr_line' id='line_1_14' title="bbox 97 1834 1226 1919; baseline -0.002 -21"><span class='ocrx_word' id='word_1_105' title='bbox 97 1853 177 1914; x_wconf 88' lang='lat' dir='ltr'><strong>quae</strong></span> <span class='ocrx_word' id='word_1_106' title='bbox 209 1834 342 1899; x_wconf 91' lang='lat' dir='ltr'><strong>multum</strong></span> <span class='ocrx_word' id='word_1_107' title='bbox 374 1835 480 1900; x_wconf 88' lang='lat' dir='ltr'><strong>valent</strong></span> <span class='ocrx_word' id='word_1_108' title='bbox 509 1836 701 1918; x_wconf 89' lang='lat' dir='ltr'><strong>temporibus</strong></span> <span class='ocrx_word' id='word_1_109' title='bbox 732 1835 1022 1919; x_wconf 78' lang='lat' dir='ltr'><strong>glossographorum</strong></span> <span class='ocrx_word' id='word_1_110' title='bbox 1055 1834 1226 1915; x_wconf 84' lang='lat' dir='ltr'><strong>lexicogra-</strong></span> 
     </span>
     <span class='ocr_line' id='line_1_15' title="bbox 100 1937 1227 2022; baseline 0.002 -23"><span class='ocrx_word' id='word_1_111' title='bbox 100 1937 299 2018; x_wconf 89' lang='lat' dir='ltr'><strong>phorumque,</strong></span> <span class='ocrx_word' id='word_1_112' title='bbox 325 1957 395 2003; x_wconf 86' lang='lat' dir='ltr'><strong>curn</strong></span> <span class='ocrx_word' id='word_1_113' title='bbox 408 1938 486 2002; x_wconf 91' lang='lat' dir='ltr'><strong>alter</strong></span> <span class='ocrx_word' id='word_1_114' title='bbox 499 1939 630 2003; x_wconf 91' lang='lat' dir='ltr'><strong>alterum</strong></span> <span class='ocrx_word' id='word_1_115' title='bbox 642 1939 798 2016; x_wconf 83' lang='lat' dir='ltr'><strong>describit,</strong></span> <span class='ocrx_word' id='word_1_116' title='bbox 815 1939 978 2018; x_wconf 87' lang='lat' dir='ltr'><strong>contrahit,</strong></span> <span class='ocrx_word' id='word_1_117' title='bbox 994 1939 1115 2022; x_wconf 88' lang='lat' dir='ltr'><strong>praeter</strong></span> <span class='ocrx_word' id='word_1_118' title='bbox 1130 1955 1227 2020; x_wconf 83' lang='lat' dir='ltr'><strong>nugas</strong></span> 
     </span>
     <span class='ocr_line' id='line_1_16' title="bbox 100 2039 1226 2124; baseline 0.002 -22"><span class='ocrx_word' id='word_1_119' title='bbox 100 2039 179 2103; x_wconf 93' lang='lat' dir='ltr'><strong>nihil</strong></span> <span class='ocrx_word' id='word_1_120' title='bbox 201 2039 297 2115; x_wconf 86' lang='lat' dir='ltr'><strong>addit,</strong></span> <span class='ocrx_word' id='word_1_121' title='bbox 330 2060 379 2104; x_wconf 91' lang='lat' dir='ltr'><strong>me</strong></span> <span class='ocrx_word' id='word_1_122' title='bbox 402 2060 520 2124; x_wconf 87' lang='lat' dir='ltr'><strong>quoque</strong></span> <span class='ocrx_word' id='word_1_123' title='bbox 543 2042 713 2124; x_wconf 88' lang='lat' dir='ltr'><strong>prohibent,</strong></span> <span class='ocrx_word' id='word_1_124' title='bbox 748 2043 911 2124; x_wconf 89' lang='lat' dir='ltr'><strong>quominus</strong></span> <span class='ocrx_word' id='word_1_125' title='bbox 934 2043 1055 2107; x_wconf 88' lang='lat' dir='ltr'><strong>credam</strong></span> <span class='ocrx_word' id='word_1_126' title='bbox 1078 2042 1129 2107; x_wconf 83' lang='lat' dir='ltr'><strong>Et.</strong></span> <span class='ocrx_word' id='word_1_127' title='bbox 1157 2039 1226 2104; x_wconf 91' lang='lat' dir='ltr'><strong>Ma·</strong></span> 
     </span>
     <span class='ocr_line' id='line_1_17' title="bbox 99 2143 1227 2228; baseline 0 -22"><span class='ocrx_word' id='word_1_128' title='bbox 99 2161 198 2223; x_wconf 87' lang='lat' dir='ltr'><strong>gnum</strong></span> <span class='ocrx_word' id='word_1_129' title='bbox 228 2144 259 2208; x_wconf 91' lang='lat' dir='ltr'><strong>in</strong></span> <span class='ocrx_word' id='word_1_130' title='bbox 291 2164 345 2210; x_wconf 94' lang='lat' dir='ltr'><strong>suo</strong></span> <span class='ocrx_word' id='word_1_131' title='bbox 367 2146 448 2211; x_wconf 90' lang='lat' dir='ltr'><strong>libro</strong></span> <span class='ocrx_word' id='word_1_132' title='bbox 471 2146 624 2211; x_wconf 87' lang='lat' dir='ltr'><strong>Photiano</strong></span> <span class='ocrx_word' id='word_1_133' title='bbox 655 2148 730 2211; x_wconf 87' lang='lat' dir='ltr'><strong>haee</strong></span> <span class='ocrx_word' id='word_1_134' title='bbox 761 2147 863 2212; x_wconf 84' lang='lat' dir='ltr'><strong>omnia</strong></span> <span class='ocrx_word' id='word_1_135' title='bbox 895 2147 1047 2212; x_wconf 87' lang='lat' dir='ltr'><strong>invenisse</strong></span> <span class='ocrx_word' id='word_1_136' title='bbox 1062 2149 1094 2228; x_wconf 84' lang='lat'><strong>¹).</strong></span> <span class='ocrx_word' id='word_1_137' title='bbox 1147 2143 1227 2210; x_wconf 85' lang='lat' dir='ltr'><strong>Sane</strong></span> 
     </span>
     <span class='ocr_line' id='line_1_18' title="bbox 102 2247 1228 2332; baseline 0.002 -23"><span class='ocrx_word' id='word_1_138' title='bbox 102 2248 209 2310; x_wconf 86' lang='lat' dir='ltr'><strong>auctor</strong></span> <span class='ocrx_word' id='word_1_139' title='bbox 231 2247 281 2312; x_wconf 84' lang='lat' dir='ltr'><strong>Et.</strong></span> <span class='ocrx_word' id='word_1_140' title='bbox 305 2249 389 2330; x_wconf 81' lang='lat' dir='ltr'><strong>Mag.</strong></span> <span class='ocrx_word' id='word_1_141' title='bbox 414 2250 517 2315; x_wconf 87' lang='lat' dir='ltr'><strong>codice</strong></span> <span class='ocrx_word' id='word_1_142' title='bbox 540 2250 602 2315; x_wconf 86' lang='lat' dir='ltr'><strong>alio</strong></span> <span class='ocrx_word' id='word_1_143' title='bbox 625 2270 660 2315; x_wconf 87' lang='lat' dir='ltr'><strong>ac</strong></span> <span class='ocrx_word' id='word_1_144' title='bbox 690 2251 826 2315; x_wconf 83' lang='lat' dir='ltr'><strong>Galeano</strong></span> <span class='ocrx_word' id='word_1_145' title='bbox 851 2269 923 2316; x_wconf 89' lang='lat' dir='ltr'><strong>usus</strong></span> <span class='ocrx_word' id='word_1_146' title='bbox 948 2251 1004 2328; x_wconf 88' lang='lat' dir='ltr'><strong>est,</strong></span> <span class='ocrx_word' id='word_1_147' title='bbox 1029 2268 1101 2314; x_wconf 85' lang='lat' dir='ltr'><strong>nam</strong></span> <span class='ocrx_word' id='word_1_148' title='bbox 1124 2249 1228 2332; x_wconf 84' lang='lat' dir='ltr'><strong>glossa</strong></span> 
     </span>
     <span class='ocr_line' id='line_1_19' title="bbox 99 2351 1228 2436; baseline 0.003 -25"><span class='ocrx_word' id='word_1_149' title='bbox 99 2353 265 2434; x_wconf 79' lang='grc' dir='ltr'>τιμητικὸν</span> <span class='ocrx_word' id='word_1_150' title='bbox 296 2351 448 2431; x_wconf 83' lang='grc' dir='ltr'>πινάκιον,</span> <span class='ocrx_word' id='word_1_151' title='bbox 480 2373 570 2436; x_wconf 91' lang='lat' dir='ltr'><strong>quam</strong></span> <span class='ocrx_word' id='word_1_152' title='bbox 604 2372 658 2418; x_wconf 91' lang='lat' dir='ltr'><strong>nos</strong></span> <span class='ocrx_word' id='word_1_153' title='bbox 692 2354 774 2436; x_wconf 85' lang='lat' dir='ltr'><strong>apud</strong></span> <span class='ocrx_word' id='word_1_154' title='bbox 799 2354 942 2419; x_wconf 90' lang='lat' dir='ltr'><strong>Photium</strong></span> <span class='ocrx_word' id='word_1_155' title='bbox 975 2374 999 2418; x_wconf 92' lang='lat' dir='ltr'><strong>s.</strong></span> <span class='ocrx_word' id='word_1_156' title='bbox 1032 2374 1061 2419; x_wconf 90' lang='lat' dir='ltr'><strong>v.</strong></span> <span class='ocrx_word' id='word_1_157' title='bbox 1093 2352 1228 2417; x_wconf 85' lang='lat' dir='ltr'><strong>laceram</strong></span> 
     </span>
     <span class='ocr_line' id='line_1_20' title="bbox 103 2451 1226 2540; baseline 0.004 -27"><span class='ocrx_word' id='word_1_158' title='bbox 103 2451 246 2533; x_wconf 83' lang='lat' dir='ltr'><strong>legimns,</strong></span> <span class='ocrx_word' id='word_1_159' title='bbox 281 2454 363 2536; x_wconf 86' lang='lat' dir='ltr'><strong>apud</strong></span> <span class='ocrx_word' id='word_1_160' title='bbox 395 2456 445 2521; x_wconf 80' lang='lat' dir='ltr'><strong>Et.</strong></span> <span class='ocrx_word' id='word_1_161' title='bbox 477 2457 582 2540; x_wconf 87' lang='lat' dir='ltr'><strong>Magn.</strong></span> <span class='ocrx_word' id='word_1_162' title='bbox 609 2457 725 2521; x_wconf 77' lang='grc'><strong>7592</strong></span> <span class='ocrx_word' id='word_1_163' title='bbox 757 2458 934 2523; x_wconf 89' lang='lat' dir='ltr'><strong>etiamnunc</strong></span> <span class='ocrx_word' id='word_1_164' title='bbox 964 2456 1085 2538; x_wconf 82' lang='lat' dir='ltr'><strong>integra</strong></span> <span class='ocrx_word' id='word_1_165' title='bbox 1116 2455 1182 2518; x_wconf 82' lang='lat' dir='ltr'><strong>eust</strong></span> <span class='ocrx_word' id='word_1_166' title='bbox 1202 2454 1226 2517; x_wconf 88' lang='lat' dir='ltr'><strong>t.</strong></span> 
     </span>
     <span class='ocr_line' id='line_1_21' title="bbox 101 2555 1226 2643; baseline 0.002 -26"><span class='ocrx_word' id='word_1_167' title='bbox 101 2555 182 2618; x_wconf 83' lang='lat' dir='ltr'><strong>Aliis</strong></span> <span class='ocrx_word' id='word_1_168' title='bbox 214 2555 301 2632; x_wconf 84' lang='lat' dir='ltr'><strong>locis,</strong></span> <span class='ocrx_word' id='word_1_169' title='bbox 332 2559 386 2622; x_wconf 91' lang='lat' dir='ltr'><strong>ubi</strong></span> <span class='ocrx_word' id='word_1_170' title='bbox 417 2558 642 2641; x_wconf 84' lang='lat' dir='ltr'><strong>discrepantiae</strong></span> <span class='ocrx_word' id='word_1_171' title='bbox 665 2560 795 2643; x_wconf 86' lang='lat' dir='ltr'><strong>majores</strong></span> <span class='ocrx_word' id='word_1_172' title='bbox 818 2561 900 2624; x_wconf 88' lang='lat' dir='ltr'><strong>inter</strong></span> <span class='ocrx_word' id='word_1_173' title='bbox 921 2560 1085 2639; x_wconf 85' lang='lat' dir='ltr'><strong>utrumque</strong></span> <span class='ocrx_word' id='word_1_174' title='bbox 1109 2557 1226 2638; x_wconf 83' lang='lat' dir='ltr'><strong>patent,</strong></span> 
     </span>
     <span class='ocr_line' id='line_1_22' title="bbox 98 2659 1226 2746; baseline 0.001 -25"><span class='ocrx_word' id='word_1_175' title='bbox 98 2659 219 2723; x_wconf 86' lang='lat' dir='ltr'><strong>alterne</strong></span> <span class='ocrx_word' id='word_1_176' title='bbox 251 2680 286 2724; x_wconf 85' lang='lat' dir='ltr'><strong>ex</strong></span> <span class='ocrx_word' id='word_1_177' title='bbox 319 2661 416 2726; x_wconf 89' lang='lat' dir='ltr'><strong>altero</strong></span> <span class='ocrx_word' id='word_1_178' title='bbox 448 2664 580 2746; x_wconf 88' lang='lat' dir='ltr'><strong>pendeat</strong></span> <span class='ocrx_word' id='word_1_179' title='bbox 611 2685 648 2728; x_wconf 88' lang='lat' dir='ltr'><strong>an</strong></span> <span class='ocrx_word' id='word_1_180' title='bbox 672 2665 800 2746; x_wconf 87' lang='lat' dir='ltr'><strong>uterque</strong></span> <span class='ocrx_word' id='word_1_181' title='bbox 823 2663 862 2728; x_wconf 86' lang='lat' dir='ltr'><strong>ad</strong></span> <span class='ocrx_word' id='word_1_182' title='bbox 885 2662 1015 2726; x_wconf 89' lang='lat' dir='ltr'><strong>eundem</strong></span> <span class='ocrx_word' id='word_1_183' title='bbox 1038 2661 1156 2725; x_wconf 89' lang='lat' dir='ltr'><strong>fontem</strong></span> <span class='ocrx_word' id='word_1_184' title='bbox 1178 2678 1226 2722; x_wconf 88' lang='lat' dir='ltr'><strong>re-</strong></span> 
     </span>
     <span class='ocr_line' id='line_1_23' title="bbox 100 2762 1227 2854; baseline 0 -30"><span class='ocrx_word' id='word_1_185' title='bbox 100 2762 215 2854; x_wconf 87' lang='lat' dir='ltr'><strong>currat,</strong></span> <span class='ocrx_word' id='word_1_186' title='bbox 240 2763 408 2847; x_wconf 87' lang='lat' dir='ltr'><strong>dijudicare</strong></span> <span class='ocrx_word' id='word_1_187' title='bbox 432 2766 512 2831; x_wconf 93' lang='lat' dir='ltr'><strong>nolo.</strong></span> <span class='ocrx_word' id='word_1_188' title='bbox 572 2766 686 2832; x_wconf 88' lang='lat' dir='ltr'><strong>Nostro</strong></span> <span class='ocrx_word' id='word_1_189' title='bbox 713 2766 780 2831; x_wconf 91' lang='lat' dir='ltr'><strong>loco</strong></span> <span class='ocrx_word' id='word_1_190' title='bbox 803 2765 880 2829; x_wconf 91' lang='lat' dir='ltr'><strong>mihi</strong></span> <span class='ocrx_word' id='word_1_191' title='bbox 902 2766 1052 2847; x_wconf 86' lang='lat' dir='ltr'><strong>posterior</strong></span> <span class='ocrx_word' id='word_1_192' title='bbox 1074 2762 1227 2828; x_wconf 87' lang='lat' dir='ltr'><strong>sententia</strong></span> 
     </span>
     <span class='ocr_line' id='line_1_24' title="bbox 104 2864 1226 2946; baseline 0.003 -19"><span class='ocrx_word' id='word_1_193' title='bbox 104 2864 216 2946; x_wconf 88' lang='lat' dir='ltr'><strong>placet.</strong></span> <span class='ocrx_word' id='word_1_194' title='bbox 256 2866 317 2931; x_wconf 86' lang='lat' dir='ltr'><strong>Sed</strong></span> <span class='ocrx_word' id='word_1_195' title='bbox 339 2867 396 2932; x_wconf 91' lang='lat' dir='ltr'><strong>hoc</strong></span> <span class='ocrx_word' id='word_1_196' title='bbox 420 2869 497 2933; x_wconf 92' lang='lat' dir='ltr'><strong>nihil</strong></span> <span class='ocrx_word' id='word_1_197' title='bbox 520 2871 654 2936; x_wconf 87' lang='lat' dir='ltr'><strong>adrem.</strong></span> <span class='ocrx_word' id='word_1_198' title='bbox 696 2870 778 2936; x_wconf 85' lang='lat' dir='ltr'><strong>Satis</strong></span> <span class='ocrx_word' id='word_1_199' title='bbox 800 2870 876 2934; x_wconf 92' lang='lat' dir='ltr'><strong>mihi</strong></span> <span class='ocrx_word' id='word_1_200' title='bbox 900 2870 948 2934; x_wconf 88' lang='lat' dir='ltr'><strong>est</strong></span> <span class='ocrx_word' id='word_1_201' title='bbox 969 2869 1101 2934; x_wconf 88' lang='lat' dir='ltr'><strong>alterum</strong></span> <span class='ocrx_word' id='word_1_202' title='bbox 1124 2868 1226 2931; x_wconf 87' lang='lat' dir='ltr'><strong>locum</strong></span> 
     </span>
     <span class='ocr_line' id='line_1_25' title="bbox 101 2967 1010 3056; baseline 0.008 -26"><span class='ocrx_word' id='word_1_203' title='bbox 101 2967 265 3047; x_wconf 87' lang='lat' dir='ltr'><strong>invenisse,</strong></span> <span class='ocrx_word' id='word_1_204' title='bbox 290 2971 343 3035; x_wconf 94' lang='lat' dir='ltr'><strong>ubi</strong></span> <span class='ocrx_word' id='word_1_205' title='bbox 367 2974 474 3053; x_wconf 80' lang='lat' dir='ltr'><strong>plossa</strong></span> <span class='ocrx_word' id='word_1_206' title='bbox 499 2973 547 3040; x_wconf 83' lang='grc' dir='ltr'><strong>Ε1.</strong></span> <span class='ocrx_word' id='word_1_207' title='bbox 572 2974 675 3056; x_wconf 81' lang='lat' dir='ltr'><strong>Mapni</strong></span> <span class='ocrx_word' id='word_1_208' title='bbox 699 2994 717 3039; x_wconf 91' lang='lat' dir='ltr'><strong>e</strong></span> <span class='ocrx_word' id='word_1_209' title='bbox 741 2975 861 3039; x_wconf 84' lang='lat' dir='ltr'><strong>duabus</strong></span> <span class='ocrx_word' id='word_1_210' title='bbox 885 2976 1010 3039; x_wconf 80' lang='lat' dir='ltr'><strong>coaluit.</strong></span> 
     </span>
    </p>
   </div>
   <div class='ocr_carea' id='block_1_4' title="bbox 101 3087 1228 3897">
    <p class='ocr_par' dir='ltr' id='par_1_4' title="bbox 101 3087 1228 3897">
     <span class='ocr_line' id='line_1_26' title="bbox 206 3087 1227 3176; baseline 0.002 -24"><span class='ocrx_word' id='word_1_211' title='bbox 206 3087 290 3153; x_wconf 88' lang='lat' dir='ltr'><strong>Cohn</strong></span> <span class='ocrx_word' id='word_1_212' title='bbox 302 3089 336 3173; x_wconf 84' lang='lat'><strong>²),</strong></span> <span class='ocrx_word' id='word_1_213' title='bbox 371 3110 492 3175; x_wconf 85' lang='lat' dir='ltr'><strong>gossas</strong></span> <span class='ocrx_word' id='word_1_214' title='bbox 514 3095 563 3157; x_wconf 76' lang='lat' dir='ltr'><strong>ut.</strong></span> <span class='ocrx_word' id='word_1_215' title='bbox 587 3094 630 3157; x_wconf 89' lang='lat' dir='ltr'><strong>M.</strong></span> <span class='ocrx_word' id='word_1_216' title='bbox 657 3093 785 3158; x_wconf 88' lang='lat' dir='ltr'><strong>adrem</strong></span> <span class='ocrx_word' id='word_1_217' title='bbox 808 3094 967 3176; x_wconf 86' lang='lat' dir='ltr'><strong>publicam</strong></span> <span class='ocrx_word' id='word_1_218' title='bbox 989 3091 1227 3156; x_wconf 87' lang='lat' dir='ltr'><strong>Atheniensium</strong></span> 
     </span>
     <span class='ocr_line' id='line_1_27' title="bbox 101 3188 1227 3278; baseline 0.004 -26"><span class='ocrx_word' id='word_1_219' title='bbox 101 3188 137 3252; x_wconf 89' lang='lat' dir='ltr'><strong>et</strong></span> <span class='ocrx_word' id='word_1_220' title='bbox 158 3190 292 3254; x_wconf 88' lang='lat' dir='ltr'><strong>oratores</strong></span> <span class='ocrx_word' id='word_1_221' title='bbox 315 3193 425 3258; x_wconf 87' lang='lat' dir='ltr'><strong>atticos</strong></span> <span class='ocrx_word' id='word_1_222' title='bbox 448 3195 643 3276; x_wconf 83' lang='lat' dir='ltr'><strong>explicandos</strong></span> <span class='ocrx_word' id='word_1_223' title='bbox 667 3198 853 3278; x_wconf 85' lang='lat' dir='ltr'><strong>pertinentes</strong></span> <span class='ocrx_word' id='word_1_224' title='bbox 886 3195 1021 3258; x_wconf 85' lang='lat' dir='ltr'><strong>maxima</strong></span> <span class='ocrx_word' id='word_1_225' title='bbox 1043 3194 1188 3276; x_wconf 84' lang='lat' dir='ltr'><strong>exparte</strong></span> <span class='ocrx_word' id='word_1_226' title='bbox 1210 3212 1227 3256; x_wconf 89' lang='lat' dir='ltr'><strong>e</strong></span> 
     </span>
     <span class='ocr_line' id='line_1_28' title="bbox 111 3294 1227 3382; baseline 0.005 -28"><span class='ocrx_word' id='word_1_227' title='bbox 111 3295 169 3356; x_wconf 87' lang='lat' dir='ltr'><strong>lex.</strong></span> <span class='ocrx_word' id='word_1_228' title='bbox 194 3294 311 3375; x_wconf 81' lang='lat' dir='ltr'><strong>Sep.V</strong></span> <span class='ocrx_word' id='word_1_229' title='bbox 334 3294 458 3361; x_wconf 83' lang='lat' dir='ltr'><strong>fluxisse</strong></span> <span class='ocrx_word' id='word_1_230' title='bbox 481 3298 580 3378; x_wconf 88' lang='lat' dir='ltr'><strong>putat.</strong></span> <span class='ocrx_word' id='word_1_231' title='bbox 635 3298 722 3378; x_wconf 81' lang='lat' dir='ltr'><strong>Quod</strong></span> <span class='ocrx_word' id='word_1_232' title='bbox 745 3298 817 3382; x_wconf 88' lang='lat' dir='ltr'><strong>quin</strong></span> <span class='ocrx_word' id='word_1_233' title='bbox 841 3318 948 3362; x_wconf 86' lang='lat' dir='ltr'><strong>verum</strong></span> <span class='ocrx_word' id='word_1_234' title='bbox 976 3297 1026 3375; x_wconf 89' lang='lat' dir='ltr'><strong>sit,</strong></span> <span class='ocrx_word' id='word_1_235' title='bbox 1058 3317 1147 3361; x_wconf 91' lang='lat' dir='ltr'><strong>nemo</strong></span> <span class='ocrx_word' id='word_1_236' title='bbox 1170 3297 1227 3360; x_wconf 85' lang='lat' dir='ltr'><strong>lra-</strong></span> 
     </span>
     <span class='ocr_line' id='line_1_29' title="bbox 107 3399 1227 3483; baseline 0.001 -24"><span class='ocrx_word' id='word_1_237' title='bbox 107 3415 178 3460; x_wconf 88' lang='lat' dir='ltr'><strong>rum</strong></span> <span class='ocrx_word' id='word_1_238' title='bbox 200 3415 301 3460; x_wconf 87' lang='lat' dir='ltr'><strong>rerum</strong></span> <span class='ocrx_word' id='word_1_239' title='bbox 325 3400 441 3480; x_wconf 86' lang='lat' dir='ltr'><strong>peritus</strong></span> <span class='ocrx_word' id='word_1_240' title='bbox 454 3400 618 3480; x_wconf 89' lang='lat' dir='ltr'><strong>dubitabit,</strong></span> <span class='ocrx_word' id='word_1_241' title='bbox 642 3402 762 3467; x_wconf 86' lang='lat' dir='ltr'><strong>collatis</strong></span> <span class='ocrx_word' id='word_1_242' title='bbox 778 3402 854 3466; x_wconf 89' lang='lat' dir='ltr'><strong>locis</strong></span> <span class='ocrx_word' id='word_1_243' title='bbox 871 3402 921 3465; x_wconf 81' lang='lat' dir='ltr'><strong>ut.</strong></span> <span class='ocrx_word' id='word_1_244' title='bbox 939 3401 983 3464; x_wconf 93' lang='lat' dir='ltr'><strong>M.</strong></span> <span class='ocrx_word' id='word_1_245' title='bbox 1004 3399 1053 3464; x_wconf 90' lang='grc'><strong>13.</strong></span> <span class='ocrx_word' id='word_1_246' title='bbox 1069 3400 1090 3462; x_wconf 94' lang='grc'><strong>9</strong></span> <span class='ocrx_word' id='word_1_247' title='bbox 1113 3400 1227 3483; x_wconf 80' lang='grc' dir='ltr'>ἀγορα-</span> 
     </span>
     <span class='ocr_line' id='line_1_30' title="bbox 102 3498 1228 3588; baseline 0.003 -26"><span class='ocrx_word' id='word_1_248' title='bbox 102 3498 284 3584; x_wconf 68' lang='lat' dir='ltr'><strong>coporeum</strong></span> <span class='ocrx_word' id='word_1_249' title='bbox 308 3502 365 3565; x_wconf 85' lang='lat' dir='ltr'><strong>len.</strong></span> <span class='ocrx_word' id='word_1_250' title='bbox 390 3501 460 3586; x_wconf 85' lang='lat' dir='ltr'><strong>Seg.</strong></span> <span class='ocrx_word' id='word_1_251' title='bbox 481 3504 517 3568; x_wconf 95' lang='lat' dir='ltr'><strong>V.</strong></span> <span class='ocrx_word' id='word_1_252' title='bbox 544 3505 615 3571; x_wconf 86' lang='grc'><strong>199.</strong></span> <span class='ocrx_word' id='word_1_253' title='bbox 639 3506 689 3583; x_wconf 80' lang='grc'><strong>21,</strong></span> <span class='ocrx_word' id='word_1_254' title='bbox 713 3507 762 3569; x_wconf 85' lang='lat' dir='ltr'><strong>Et.</strong></span> <span class='ocrx_word' id='word_1_255' title='bbox 787 3505 830 3568; x_wconf 90' lang='lat' dir='ltr'><strong>M.</strong></span> <span class='ocrx_word' id='word_1_256' title='bbox 850 3505 898 3567; x_wconf 86' lang='lat'><strong>13.</strong></span> <span class='ocrx_word' id='word_1_257' title='bbox 918 3504 957 3566; x_wconf 89' lang='grc'><strong>15</strong></span> <span class='ocrx_word' id='word_1_258' title='bbox 981 3502 1133 3588; x_wconf 82' lang='grc' dir='ltr'>ἀγραφίου</span> <span class='ocrx_word' id='word_1_259' title='bbox 1157 3521 1228 3565; x_wconf 88' lang='lat' dir='ltr'><strong>cum</strong></span> 
     </span>
     <span class='ocr_line' id='line_1_31' title="bbox 103 3601 1226 3687; baseline 0.004 -23"><span class='ocrx_word' id='word_1_260' title='bbox 103 3602 160 3665; x_wconf 84' lang='lat' dir='ltr'><strong>lex.</strong></span> <span class='ocrx_word' id='word_1_261' title='bbox 185 3601 253 3685; x_wconf 84' lang='lat' dir='ltr'><strong>Seg.</strong></span> <span class='ocrx_word' id='word_1_262' title='bbox 280 3603 317 3668; x_wconf 87' lang='lat' dir='ltr'><strong>V.</strong></span> <span class='ocrx_word' id='word_1_263' title='bbox 343 3605 413 3671; x_wconf 89' lang='grc'><strong>199.</strong></span> <span class='ocrx_word' id='word_1_264' title='bbox 431 3605 482 3684; x_wconf 81' lang='lat'><strong>28,</strong></span> <span class='ocrx_word' id='word_1_265' title='bbox 509 3607 558 3671; x_wconf 81' lang='lat' dir='ltr'><strong>llt.</strong></span> <span class='ocrx_word' id='word_1_266' title='bbox 583 3609 624 3673; x_wconf 92' lang='lat' dir='ltr'><strong>M.</strong></span> <span class='ocrx_word' id='word_1_267' title='bbox 650 3608 698 3671; x_wconf 84' lang='lat'><strong>17.</strong></span> <span class='ocrx_word' id='word_1_268' title='bbox 722 3608 763 3670; x_wconf 78' lang='lat'><strong>47</strong></span> <span class='ocrx_word' id='word_1_269' title='bbox 787 3605 907 3670; x_wconf 79' lang='grc' dir='ltr'>ἀδικίου</span> <span class='ocrx_word' id='word_1_270' title='bbox 931 3626 1001 3671; x_wconf 90' lang='lat' dir='ltr'><strong>cum</strong></span> <span class='ocrx_word' id='word_1_271' title='bbox 1021 3606 1078 3669; x_wconf 84' lang='lat' dir='ltr'><strong>lex.</strong></span> <span class='ocrx_word' id='word_1_272' title='bbox 1102 3604 1172 3687; x_wconf 79' lang='lat' dir='ltr'><strong>Sug.</strong></span> <span class='ocrx_word' id='word_1_273' title='bbox 1189 3603 1226 3668; x_wconf 87' lang='lat' dir='ltr'><strong>V.</strong></span> 
     </span>
     <span class='ocr_line' id='line_1_32' title="bbox 107 3705 1227 3792; baseline 0.002 -26"><span class='ocrx_word' id='word_1_274' title='bbox 107 3705 178 3770; x_wconf 91' lang='grc'><strong>199.</strong></span> <span class='ocrx_word' id='word_1_275' title='bbox 201 3706 252 3782; x_wconf 73' lang='lat'><strong>32,</strong></span> <span class='ocrx_word' id='word_1_276' title='bbox 276 3705 326 3771; x_wconf 80' lang='lat' dir='ltr'><strong>Mt.</strong></span> <span class='ocrx_word' id='word_1_277' title='bbox 350 3709 392 3772; x_wconf 93' lang='lat' dir='ltr'><strong>M.</strong></span> <span class='ocrx_word' id='word_1_278' title='bbox 417 3708 490 3773; x_wconf 77' lang='lat'><strong>124.</strong></span> <span class='ocrx_word' id='word_1_279' title='bbox 514 3711 552 3773; x_wconf 83' lang='lat'><strong>41</strong></span> <span class='ocrx_word' id='word_1_280' title='bbox 579 3709 751 3774; x_wconf 79' lang='grc' dir='ltr'>ἀποδέκται</span> <span class='ocrx_word' id='word_1_281' title='bbox 775 3729 844 3774; x_wconf 89' lang='lat' dir='ltr'><strong>oum</strong></span> <span class='ocrx_word' id='word_1_282' title='bbox 866 3710 925 3774; x_wconf 85' lang='lat' dir='ltr'><strong>lex.</strong></span> <span class='ocrx_word' id='word_1_283' title='bbox 950 3709 1022 3792; x_wconf 86' lang='lat' dir='ltr'><strong>Seg.</strong></span> <span class='ocrx_word' id='word_1_284' title='bbox 1043 3709 1079 3772; x_wconf 89' lang='lat' dir='ltr'><strong>V.</strong></span> <span class='ocrx_word' id='word_1_285' title='bbox 1105 3707 1177 3771; x_wconf 83' lang='grc'><strong>198.</strong></span> <span class='ocrx_word' id='word_1_286' title='bbox 1199 3707 1227 3785; x_wconf 87' lang='lat' dir='ltr'><strong>l,</strong></span> 
     </span>
     <span class='ocr_line' id='line_1_33' title="bbox 103 3807 1225 3897; baseline 0.003 -27"><span class='ocrx_word' id='word_1_287' title='bbox 103 3807 154 3872; x_wconf 79' lang='lat' dir='ltr'><strong>Et.</strong></span> <span class='ocrx_word' id='word_1_288' title='bbox 178 3808 222 3872; x_wconf 94' lang='lat' dir='ltr'><strong>M.</strong></span> <span class='ocrx_word' id='word_1_289' title='bbox 248 3809 319 3874; x_wconf 79' lang='lat'><strong>124.</strong></span> <span class='ocrx_word' id='word_1_290' title='bbox 342 3811 384 3873; x_wconf 77' lang='lat'><strong>48</strong></span> <span class='ocrx_word' id='word_1_291' title='bbox 406 3811 627 3897; x_wconf 66' lang='lat' dir='ltr'><strong>[onpeoeeeloo</strong></span> <span class='ocrx_word' id='word_1_292' title='bbox 662 3832 730 3877; x_wconf 87' lang='lat' dir='ltr'><strong>cum</strong></span> <span class='ocrx_word' id='word_1_293' title='bbox 753 3812 811 3877; x_wconf 84' lang='lat' dir='ltr'><strong>lex.</strong></span> <span class='ocrx_word' id='word_1_294' title='bbox 837 3811 906 3894; x_wconf 84' lang='lat' dir='ltr'><strong>Seg.</strong></span> <span class='ocrx_word' id='word_1_295' title='bbox 935 3813 973 3876; x_wconf 87' lang='lat' dir='ltr'><strong>V.</strong></span> <span class='ocrx_word' id='word_1_296' title='bbox 996 3810 1069 3875; x_wconf 71' lang='lat' dir='ltr'><strong>dol.</strong></span> <span class='ocrx_word' id='word_1_297' title='bbox 1097 3809 1143 3888; x_wconf 75' lang='lat'><strong>12,</strong></span> <span class='ocrx_word' id='word_1_298' title='bbox 1176 3809 1225 3873; x_wconf 80' lang='lat' dir='ltr'><strong>ut.</strong></span> 
     </span>
    </p>
   </div>
   <div class='ocr_carea' id='block_1_5' title="bbox 108 3999 364 4010">
    <p class='ocr_par' dir='ltr' id='par_1_5' title="bbox 108 3999 364 4010">
     <span class='ocr_line' id='line_1_34' title="bbox 108 3999 364 4010; baseline 0.016 -4"><span class='ocrx_word' id='word_1_299' title='bbox 108 3999 364 4010; x_wconf 58' lang='lat'>——·-——.-</span> 
     </span>
    </p>
   </div>
   <div class='ocr_carea' id='block_1_6' title="bbox 101 4137 1227 4293">
    <p class='ocr_par' dir='ltr' id='par_1_6' title="bbox 101 4137 1227 4293">
     <span class='ocr_line' id='line_1_35' title="bbox 208 4137 1227 4208; baseline 0.001 -15"><span class='ocrx_word' id='word_1_300' title='bbox 208 4137 233 4202; x_wconf 81' lang='lat'><strong>1)</strong></span> <span class='ocrx_word' id='word_1_301' title='bbox 252 4140 331 4195; x_wconf 83' lang='lat' dir='ltr'><strong>Aliae</strong></span> <span class='ocrx_word' id='word_1_302' title='bbox 350 4155 452 4195; x_wconf 84' lang='lat' dir='ltr'><strong>causae</strong></span> <span class='ocrx_word' id='word_1_303' title='bbox 469 4140 644 4208; x_wconf 88' lang='lat' dir='ltr'><strong>Boysenium</strong></span> <span class='ocrx_word' id='word_1_304' title='bbox 663 4141 679 4192; x_wconf 91' lang='lat' dir='ltr'><strong>l.</strong></span> <span class='ocrx_word' id='word_1_305' title='bbox 699 4141 715 4193; x_wconf 91' lang='lat' dir='ltr'><strong>l.</strong></span> <span class='ocrx_word' id='word_1_306' title='bbox 734 4155 759 4207; x_wconf 94' lang='lat' dir='ltr'><strong>p.</strong></span> <span class='ocrx_word' id='word_1_307' title='bbox 779 4140 811 4193; x_wconf 84' lang='grc'><strong>67</strong></span> <span class='ocrx_word' id='word_1_308' title='bbox 840 4142 1062 4203; x_wconf 80' lang='lat' dir='ltr'><strong>commoverunt,</strong></span> <span class='ocrx_word' id='word_1_309' title='bbox 1088 4142 1120 4193; x_wconf 80' lang='lat' dir='ltr'><strong>ut</strong></span> <span class='ocrx_word' id='word_1_310' title='bbox 1145 4154 1227 4206; x_wconf 82' lang='lat' dir='ltr'><strong>nege·</strong></span> 
     </span>
     <span class='ocr_line' id='line_1_36' title="bbox 101 4225 1036 4293; baseline 0.001 -16"><span class='ocrx_word' id='word_1_311' title='bbox 101 4225 148 4278; x_wconf 84' lang='lat' dir='ltr'><strong>net</strong></span> <span class='ocrx_word' id='word_1_312' title='bbox 166 4225 209 4278; x_wconf 81' lang='lat' dir='ltr'><strong>Et.</strong></span> <span class='ocrx_word' id='word_1_313' title='bbox 228 4226 261 4278; x_wconf 92' lang='lat' dir='ltr'><strong>M.</strong></span> <span class='ocrx_word' id='word_1_314' title='bbox 279 4227 406 4293; x_wconf 88' lang='lat' dir='ltr'><strong>pleniore</strong></span> <span class='ocrx_word' id='word_1_315' title='bbox 423 4227 511 4281; x_wconf 84' lang='lat' dir='ltr'><strong>lexici</strong></span> <span class='ocrx_word' id='word_1_316' title='bbox 528 4226 661 4280; x_wconf 86' lang='lat' dir='ltr'><strong>Photiani</strong></span> <span class='ocrx_word' id='word_1_317' title='bbox 679 4226 844 4279; x_wconf 88' lang='lat' dir='ltr'><strong>recensione</strong></span> <span class='ocrx_word' id='word_1_318' title='bbox 863 4240 946 4279; x_wconf 89' lang='lat' dir='ltr'><strong>usum</strong></span> <span class='ocrx_word' id='word_1_319' title='bbox 966 4240 1036 4280; x_wconf 88' lang='lat' dir='ltr'><strong>esse.</strong></span> 
     </span>
    </p>
   </div>
   <div class='ocr_carea' id='block_1_7' title="bbox 207 4327 995 4397">
    <p class='ocr_par' dir='ltr' id='par_1_7' title="bbox 207 4327 995 4397">
     <span class='ocr_line' id='line_1_37' title="bbox 207 4327 995 4397; baseline 0.004 -19"><span class='ocrx_word' id='word_1_320' title='bbox 207 4327 232 4394; x_wconf 79' lang='lat'><strong>2)</strong></span> <span class='ocrx_word' id='word_1_321' title='bbox 251 4327 333 4382; x_wconf 82' lang='lat' dir='ltr'><strong>dhbb.</strong></span> <span class='ocrx_word' id='word_1_322' title='bbox 352 4329 370 4381; x_wconf 86' lang='lat' dir='ltr'><strong>f.</strong></span> <span class='ocrx_word' id='word_1_323' title='bbox 391 4329 472 4384; x_wconf 80' lang='lat' dir='ltr'><strong>class</strong></span> <span class='ocrx_word' id='word_1_324' title='bbox 491 4329 592 4384; x_wconf 93' lang='lat' dir='ltr'><strong>Philol.</strong></span> <span class='ocrx_word' id='word_1_325' title='bbox 628 4329 785 4397; x_wconf 82' lang='lat' dir='ltr'><strong>Suppl-Bd.</strong></span> <span class='ocrx_word' id='word_1_326' title='bbox 804 4329 874 4382; x_wconf 91' lang='lat' dir='ltr'><strong>Xlll.</strong></span> <span class='ocrx_word' id='word_1_327' title='bbox 893 4344 918 4396; x_wconf 95' lang='lat' dir='ltr'><strong>p.</strong></span> <span class='ocrx_word' id='word_1_328' title='bbox 937 4329 995 4382; x_wconf 80' lang='grc'><strong>898.</strong></span> 
     </span>
    </p>
   </div>
   <div class='ocr_carea' id='block_1_8' title="bbox 0 0 1472 4928">
    <p class='ocr_par' dir='ltr' id='par_1_8' title="bbox 0 0 1472 4928">
     <span class='ocr_line' id='line_1_38' title="bbox 0 0 1472 4928; baseline 0 0"><span class='ocrx_word' id='word_1_329' title='bbox 0 0 1472 4928; x_wconf 95' lang='lat' dir='ltr'><strong> </strong></span> 
     </span>
    </p>
   </div>
  </div>
 </body>
</html>
