2924 4928
766 325 808 389 82

225 529 309 604 τινας
330 527 442 592 θύουσι
458 531 513 592 καὶ
529 532 584 607 τὰς
613 529 778 615 μιζομένας
794 529 973 595 ἐπιτελοῦσι

225 630 446 716 πεντετηρίδας
457 631 584 709 ἁπάσας
611 635 667 697 καὶ
699 634 755 709 τὰς
791 631 971 718 πεντετηρί-

224 731 388 799 διοινιοῠσιν
404 735 489 820 πλὴν
503 735 584 802 Παν-
612 735 667 811 δας
682 734 809 811 ἁπάσας
821 734 972 801 διοικοῦσι

223 837 398 924 alueolos.
437 889 440 895 .
610 838 695 923 πλὴν
722 838 968 924 Παναθηναίων.

991 977 1063 1042 Εἰσὶ
1093 977 1127 1040 δὲ
1167 980 1223 1041 καὶ
1260 977 1352 1041 ἄλλοι

992 1087 1054 1144 τῶν
1077 1087 1198 1165 σεμνῶν
1220 1080 1319 1145 θεῶν.

326 1335 430 1414 Vides,
455 1355 514 1418 quo
531 1336 621 1403 modo
638 1336 812 1416 discrimen,
831 1336 870 1401 ab
886 1335 1055 1400 Aristotele
1077 1335 1158 1399 inter
1181 1334 1353 1419 ἱεροποιοὺς

224 1439 276 1502 ἐπὶ
290 1442 331 1503 τὰ
346 1438 515 1524 ἐκθύματα
531 1441 562 1505 et
577 1443 648 1517 τοὺς
663 1441 735 1504 κατ’
749 1440 889 1504 ἐνιαυτὸν
905 1437 1118 1523 καλουμένους
1134 1438 1302 1517 servotum,
1319 1438 1353 1503 in

223 1541 281 1606 lex.
297 1540 367 1624 Seg.
384 1541 419 1606 V.
439 1541 507 1624 jam
527 1544 619 1625 pleno
635 1542 782 1608 detritum
799 1542 850 1607 sit.
895 1541 981 1621 Quae
1003 1541 1061 1606 lex.
1078 1541 1168 1606 Dem.
1183 1539 1272 1606 addit
1295 1540 1352 1606 sub

223 1643 325 1723 finem,
358 1664 374 1709 o
398 1645 487 1710 Deru.
510 1645 562 1712 21.
588 1646 649 1708 115
672 1647 721 1712 vel
744 1646 840 1712 simili
871 1646 938 1712 loco
961 1646 1090 1711 oratoris
1112 1645 1204 1710 attici
1226 1644 1353 1726 sumpte

224 1750 304 1812 sunt.
359 1748 448 1828 Quod
474 1748 540 1831 jam
571 1751 694 1816 alonte
717 1750 885 1816 lexioorum
907 1749 1088 1834 Seguerieni
1111 1749 1139 1812 V
1171 1749 1202 1814 et
1234 1747 1353 1812 Demo·

224 1851 355 1917 sthenici
388 1871 458 1918 cum
503 1854 604 1919 verbis
636 1852 832 1920 Aristoteleis
863 1853 1058 1936 conjunctum
1091 1852 1186 1917 fuisse
1221 1851 1353 1934 cogitari

224 1954 307 2019 licet.
356 1955 464 2038 Neque
487 1956 576 2039 plura
598 1957 709 2024 Photio
732 1957 976 2042 Etymologoque
1001 1956 1113 2039 llegno
1136 1954 1260 2038 praesto
1284 1953 1352 2018 tue·

223 2056 296 2120 runt
318 2057 342 2139 l.
976 2083 979 2088 ·
1185 2100 1189 2105 Δ

576 2345 610 2427 e)
643 2346 671 2408 io
695 2346 803 2428 closse
827 2344 985 2431 ἐχῖνος.

326 2551 369 2616 At
391 2550 457 2629 hoc,
483 2549 582 2629 credo,
603 2549 719 2634 jumen
741 2550 796 2627 eis,
821 2569 897 2632 quse
913 2550 1049 2632 exposui,
1073 2550 1173 2633 magis
1189 2550 1351 2631 magisque

224 2654 334 2731 elucet,
358 2653 558 2718 statuendum
581 2672 646 2718 esse
670 2652 794 2735 aliquod
816 2653 934 2718 lexicon
957 2652 1144 2718 rhetoricum
1166 2651 1265 2716 multo
1285 2651 1351 2734 ple·

223 2758 292 2820 nius
315 2757 369 2834 eis,
396 2775 474 2837 quae
497 2756 585 2820 nobis
608 2757 730 2836 praesto
754 2758 834 2821 sunt.
881 2755 976 2820 Cuius
998 2756 1088 2820 lexici
1111 2754 1216 2820 auctor
1238 2753 1352 2819 fundu-

223 2859 326 2923 mento
342 2859 511 2923 Aristotele
532 2878 607 2923 usus
630 2860 686 2934 est,
710 2879 800 2941 quem
822 2860 854 2923 in
877 2859 985 2941 primis
1008 2860 1062 2938 eis,
1088 2877 1165 2941 quoe
1188 2877 1225 2922 ex
1247 2860 1352 2923 orato-

223 2962 307 3025 ribus
339 2961 442 3025 atticis
474 2962 588 3039 hausit,
619 2962 831 3044 locupletavit.
886 2961 977 3042 Quali
1008 2962 1125 3027 ratione
1157 2961 1185 3025 ei
1208 2960 1352 3042 contigit,

223 3063 312 3126 utin
335 3063 465 3145 singulis
488 3063 600 3146 glossis
624 3083 720 3146 paene
743 3066 843 3129 totam
865 3065 1087 3148 antiquitatum
1112 3063 1351 3128 Atheniensium

223 3168 383 3232 scientiam
407 3167 580 3232 collocaret.
620 3169 751 3233 Divulsa
774 3169 962 3253 disjectaque
984 3168 1076 3233 huius
1098 3167 1189 3232 lerioi
1211 3167 1353 3232 membra

223 3270 254 3334 et
284 3271 366 3352 apud
389 3271 665 3352 Harpocrationem
696 3274 727 3338 et
758 3273 840 3355 apud
862 3273 1023 3338 Pollucem
1054 3274 1086 3337 et
1117 3270 1200 3353 apud
1233 3272 1351 3336 ceteros

222 3373 454 3456 lexicographos
471 3374 612 3457 legimns,
629 3376 712 3440 vario
728 3377 859 3454 mutate,
871 3376 972 3440 aliena
987 3375 1102 3453 additu,
1113 3373 1214 3439 mulie
1224 3373 1350 3450 omissa,

222 3476 275 3540 sed
299 3478 343 3540 sic
366 3479 553 3556 conservate,
579 3479 613 3543 ut
636 3480 720 3561 origo
736 3479 844 3544 eadem
860 3480 1070 3562 cognoscetur.
1116 3476 1205 3557 Quod
1222 3476 1258 3542 ut
1280 3495 1350 3540 mu·

221 3580 269 3659 gis
301 3581 470 3661 perluceat,
505 3600 541 3645 ea
573 3582 741 3646 exscribere
775 3583 851 3647 mihi
883 3582 995 3665 placet,
1031 3601 1109 3664 quoe
1140 3577 1352 3663 lexicographi

222 3682 300 3847 νῖνὶἱ
331 3683 367 3748 de
399 3684 593 3765 supellectile
620 3685 763 3768 judiciali
801 3687 905 3772 ἐχῖνος
941 3686 1087 3763 trudunt,
1127 3684 1242 3750 colluto
1274 3683 1349 3747 Ari-

223 3785 294 3849 sot.
318 3785 370 3850 53.
394 3785 424 3849 2.

221 4028 478 4037 —1-——.-..-—..

328 4215 355 4283 l)
374 4216 409 4270 cf.
428 4230 514 4284 supra
531 4233 556 4286 p.
578 4221 616 4272 13.
