2924 4928
710 299 750 364 81

168 501 201 564 in
224 500 322 567 altero
343 499 431 580 libro,
455 519 526 566 oum
546 502 687 586 exempla
709 521 745 568 ex
766 503 881 568 Alcaeo
903 504 936 567 ot
951 502 1120 568 Aristotele
1143 503 1196 589 (ol.
1213 503 1292 568 Bek-

167 604 233 668 keri
264 604 480 670 Antiatticista
509 605 541 669 in
568 605 684 671 Aneod.
719 624 820 690 graec.
852 606 877 671 Ι.
899 605 952 671 84.
975 606 1033 686 26)
1064 608 1096 671 et
1125 625 1172 689 ps.
1203 605 1293 673 Dem.

168 707 220 771 59.
234 706 277 771 74
292 707 388 774 allata
403 709 515 786 essent,
533 709 640 774 tamon
656 710 851 792 discipulum,
868 729 905 775 ue
920 710 1069 788 uteretur,
1086 708 1247 774 admonuit
1258 709 1293 792 Ἴ.

169 809 254 889 Quae
277 811 426 877 dissensio
449 812 529 877 iuter
550 814 705 885 auctorem
729 811 919 878 Onomastici
941 814 973 878 st
995 813 1166 879 atticistnm
1188 815 1293 878 utrum

170 912 311 978 consulto
334 932 374 978 an
397 932 471 989 casu
493 915 560 979 orta
583 916 634 994 sit,
662 915 778 998 ignoro.

492 1169 529 1252 d)
562 1170 590 1233 in
613 1171 723 1251 plesse
747 1168 972 1253 iepouorel.

206 1336 208 1340 ”
271 1339 306 1402 ln
330 1339 508 1420 quaestione
530 1338 737 1424 diiudicanda,
769 1341 919 1422 quatenus
944 1340 1154 1424 lexicographi
1176 1343 1293 1423 posteri

168 1461 204 1506 ex
226 1442 395 1509 Aristotele
421 1441 588 1525 pendeant,
623 1445 737 1508 summi
761 1444 809 1508 est
830 1445 980 1508 momenti
1002 1442 1107 1527 glossa
1130 1442 1287 1526 ἱεροποιοί.

169 1546 329 1613 Pollucem
361 1546 406 1612 nil
437 1547 497 1612 nisi
520 1547 700 1613 Aristotelis
731 1548 824 1613 verba
854 1547 1040 1629 excerpsisse
1067 1546 1135 1629 jam
1162 1547 1292 1629 supra²j

168 1650 322 1716 contendi.
366 1648 452 1729 Quae
475 1649 649 1733 conjectura
671 1669 707 1716 ea
728 1668 762 1715 re
783 1650 848 1716 veri
869 1649 1001 1715 similior
1022 1649 1067 1730 fit
1092 1649 1174 1731 quod
1196 1650 1293 1714 ceteri

167 1754 263 1819 etiam
285 1755 425 1819 auctores
447 1753 530 1818 ultra
551 1753 753 1820 Aristotelem
783 1754 862 1819 nihil
893 1754 930 1818 de
952 1754 1012 1819 lroc
1034 1753 1220 1837 magistratu
1243 1754 1290 1816 vi-

167 1856 280 1921 dentur
301 1857 491 1939 cognovisse.
545 1856 634 1922 Unde
651 1857 718 1940 jorn
740 1858 874 1940 suspicio
893 1856 964 1939 jure
986 1857 1059 1922 oriri
1080 1857 1192 1939 potest,
1215 1856 1289 1920 Pol·

168 1958 232 2023 luci
253 1978 373 2043 qnoque
395 1960 472 2026 alios
495 1961 595 2025 fontes
618 1960 657 2025 ad
678 1960 758 2025 hano
780 1979 845 2025 rem
863 1960 1008 2025 defuisse.
1052 1959 1096 2023 Hi
1111 1960 1194 2025 enim
1209 1964 1292 2037 sunt,

167 2062 221 2142 qui
252 2061 289 2127 de
321 2063 531 2128 sacerdotibus
561 2062 624 2127 illis
655 2064 748 2128 verba
778 2063 915 2128 focemnt
947 2064 1070 2145 praeter
1091 2062 1291 2127 Aristotelem

167 2167 219 2230 54.
242 2165 273 2246 6,
297 2165 317 2228 7
350 2167 382 2231 et
403 2166 564 2232 Pollucem
589 2166 673 2231 VIlI.
700 2165 779 2231 107:
811 2167 869 2231 lex.
893 2165 963 2249 Seg.
989 2166 1028 2230 V.
1051 2164 1125 2230 265.
1149 2164 1201 2244 22,
1232 2165 1290 2228 lex.

168 2268 258 2335 Deru.
281 2268 321 2334 ad
343 2275 362 2348 ἐ
384 2268 427 2333 26
459 2290 489 2353 p.
515 2270 564 2347 11,
596 2270 688 2336 Phot.
711 2289 736 2336 s.
759 2290 788 2335 v.
811 2267 968 2354 ἱεροποιαί,
1004 2269 1054 2333 Et.
1077 2269 1121 2332 M.
1143 2266 1218 2332 468.
1240 2266 1292 2333 56.

228 2462 281 2526 Ar.
306 2464 362 2526 54.
386 2463 415 2539 6,
440 2461 469 2526 7.
555 2459 912 2542 lex.Seo.ll.265.22.
933 2456 1292 2539 nexmemprraosao.

167 2616 284 2703 κληροῖ
315 2615 350 2679 δὲ
372 2616 427 2678 καὶ
449 2613 528 2698 ispo·
555 2612 722 2698 ἱεροποιοί·
756 2613 915 2699 κληρωταὶ
933 2609 1102 2695 inponeret.
1132 2608 1292 2694 κληρωταὶ

167 2722 274 2796 ποιοὺς
314 2717 410 2801 δέκα,
458 2720 528 2793 τοὺς
555 2721 739 2803 ἄρχοντες.
785 2718 844 2781 εἰσὶ
879 2715 913 2779 δὲ
933 2716 1082 2800 ἄρχοντες
1104 2710 1197 2794 δέκα,

168 2825 225 2907 ἐπὶ
245 2880 247 2884 ,
264 2816 308 2888 τα
357 2821 528 2905 ἐκθύματα
555 2821 634 2885 δέκα
678 2822 731 2884 τὸν
768 2809 912 2904 ἀριθμόν,

167 2926 395 3015 καλουμένους,
428 2926 459 2990 οἳ
488 2925 529 2989 τά
555 2925 586 2988 οἳ
607 2923 648 2988 τά
670 2944 705 2987 τε
733 2922 914 3009 posterioru—
954 2921 985 2983 οἳ
999 2923 1039 2984 τὰ
1052 2917 1293 3005 μεμανθευμένα

167 3051 204 3096 τε
257 3030 416 3117 μαντευτὰ
462 3028 529 3114 ἱερὰ
557 3049 596 3093 τα
619 3026 829 3110 reposeens,
855 3027 915 3088 κᾶν
935 3025 1000 3109 ἱεραὶ
1023 3024 1167 3088 θύουσιν.

168 3135 313 3217 θύουσιν,
331 3135 391 3197 κᾶν
404 3153 433 3196 τι
449 3132 528 3196 καλ·
556 3155 584 3198 τι
607 3130 816 3214 καλλιερῆσαι
844 3127 913 3210 δέῃ,

168 3235 527 3323 λιερῆσαιδέῃ,καλλιε-
556 3234 757 3318 καλλιεροῠσι
768 3233 916 3317 μετὰτῶν

169 3350 256 3424 potor
278 3341 359 3425 μετὰ
376 3347 438 3403 τῶν
454 3338 528 3423 μάν·
558 3339 698 3424 μάντεων

169 3464 268 3507 τεων.
285 3442 402 3527 κληροῖ
424 3442 529 3504 δὲκαὶ

169 3544 295 3629 ἑτέρους
325 3544 425 3626 δέκα,
460 3547 530 3619 τοὺς

169 3646 243 3712 κατ’
257 3647 399 3712 ἐνιαυτὸν
410 3646 527 3711 καλου-

170 3750 291 3835 μένους,
316 3751 346 3814 οἲ
364 3748 479 3826 θυσίας
494 3748 528 3815 τὲ
556 3748 611 3811 καὶ
633 3745 746 3823 θυσίας
778 3748 833 3820 τας
866 3765 914 3808 uo-

274 4057 300 4122 l)
319 4057 378 4111 Ael.
392 4057 511 4124 Dionys.
532 4069 575 4123 up.
586 4055 714 4109 Eustath.
731 4055 804 4107 1425.
823 4054 856 4106 29
870 4073 903 4097 =
916 4052 967 4117 frg.
987 4053 1017 4104 91
1033 4049 1170 4103 Schwabe
1187 4050 1290 4101 utram·

171 4158 225 4211 que
243 4144 364 4199 sormam
382 4144 542 4198 admiserat.

273 4228 459 4298 ffimpw

1105 4324 1122 4375 6
