<?xml version="1.0" encoding="UTF-8"?>
<!DOCTYPE html PUBLIC "-//W3C//DTD XHTML 1.0 Transitional//EN"
    "http://www.w3.org/TR/xhtml1/DTD/xhtml1-transitional.dtd">
<html xmlns="http://www.w3.org/1999/xhtml" xml:lang="en" lang="en">
 <head>
  <title>
</title>
<meta http-equiv="Content-Type" content="text/html;charset=utf-8" />
  <meta name='ocr-system' content='tesseract 3.04.00' />
  <meta name='ocr-capabilities' content='ocr_page ocr_carea ocr_par ocr_line ocrx_word'/>
</head>
<body>
  <div class='ocr_page' id='page_1' title='image "./dearistotelispo00bursgoog_0077.png"; bbox 0 0 2924 4928; ppageno 0'>
   <div class='ocr_carea' id='block_1_1' title="bbox 624 1189 843 1308">
    <p class='ocr_par' dir='ltr' id='par_1_1' title="bbox 624 1189 843 1308">
     <span class='ocr_line' id='line_1_1' title="bbox 624 1189 843 1308; baseline 0.005 -27"><span class='ocrx_word' id='word_1_1' title='bbox 624 1189 772 1308; x_wconf 87' lang='lat' dir='ltr'>Caput</span> <span class='ocrx_word' id='word_1_2' title='bbox 799 1190 843 1282; x_wconf 91' lang='grc' dir='ltr'>ΙΙ.</span> 
     </span>
    </p>
   </div>
   <div class='ocr_carea' id='block_1_2' title="bbox 174 1431 1299 1673">
    <p class='ocr_par' dir='ltr' id='par_1_2' title="bbox 174 1431 1299 1673">
     <span class='ocr_line' id='line_1_2' title="bbox 174 1431 1299 1538; baseline 0.004 -20"><span class='ocrx_word' id='word_1_3' title='bbox 174 1432 473 1538; x_wconf 79' lang='lat' dir='ltr'>Quatenus</span> <span class='ocrx_word' id='word_1_4' title='bbox 501 1431 835 1518; x_wconf 84' lang='lat' dir='ltr'>Aristotelis</span> <span class='ocrx_word' id='word_1_5' title='bbox 875 1433 1194 1522; x_wconf 83' lang='lat' dir='ltr'>auctoritas</span> <span class='ocrx_word' id='word_1_6' title='bbox 1224 1438 1299 1522; x_wconf 84' lang='lat' dir='ltr'>ad</span> 
     </span>
     <span class='ocr_line' id='line_1_3' title="bbox 267 1568 1211 1673; baseline 0.003 -18"><span class='ocrx_word' id='word_1_7' title='bbox 267 1570 534 1673; x_wconf 86' lang='lat' dir='ltr'>posteros</span> <span class='ocrx_word' id='word_1_8' title='bbox 563 1568 876 1672; x_wconf 76' lang='lat' dir='ltr'><strong>scriptores</strong></span> <span class='ocrx_word' id='word_1_9' title='bbox 905 1572 1211 1673; x_wconf 74' lang='lat' dir='ltr'><strong>pertineat.</strong></span> 
     </span>
    </p>
   </div>
   <div class='ocr_carea' id='block_1_3' title="bbox 170 1802 1302 3644">
    <p class='ocr_par' dir='ltr' id='par_1_3' title="bbox 170 1802 1302 3644">
     <span class='ocr_line' id='line_1_4' title="bbox 276 1802 1300 1889; baseline 0.005 -21"><span class='ocrx_word' id='word_1_10' title='bbox 276 1804 374 1868; x_wconf 85' lang='lat' dir='ltr'>Sicuti</span> <span class='ocrx_word' id='word_1_11' title='bbox 396 1802 485 1868; x_wconf 92' lang='lat' dir='ltr'>initio</span> <span class='ocrx_word' id='word_1_12' title='bbox 508 1803 617 1885; x_wconf 88' lang='lat' dir='ltr'>prioris</span> <span class='ocrx_word' id='word_1_13' title='bbox 640 1804 749 1886; x_wconf 79' lang='lat' dir='ltr'>capitIe</span> <span class='ocrx_word' id='word_1_14' title='bbox 772 1804 980 1870; x_wconf 84' lang='lat' dir='ltr'>Wilamowitz</span> <span class='ocrx_word' id='word_1_15' title='bbox 1002 1826 1098 1889; x_wconf 87' lang='lat' dir='ltr'>paene</span> <span class='ocrx_word' id='word_1_16' title='bbox 1122 1808 1206 1872; x_wconf 86' lang='lat' dir='ltr'>solus</span> <span class='ocrx_word' id='word_1_17' title='bbox 1228 1809 1300 1873; x_wconf 90' lang='lat' dir='ltr'>lau·</span> 
     </span>
     <span class='ocr_line' id='line_1_5' title="bbox 173 1906 1299 1992; baseline 0.006 -22"><span class='ocrx_word' id='word_1_18' title='bbox 173 1907 290 1971; x_wconf 85' lang='lat' dir='ltr'>dandus</span> <span class='ocrx_word' id='word_1_19' title='bbox 313 1907 389 1983; x_wconf 76' lang='lat' dir='ltr'>erat,</span> <span class='ocrx_word' id='word_1_20' title='bbox 422 1906 467 1970; x_wconf 89' lang='lat' dir='ltr'>ita</span> <span class='ocrx_word' id='word_1_21' title='bbox 489 1907 583 1971; x_wconf 91' lang='lat' dir='ltr'>etiam</span> <span class='ocrx_word' id='word_1_22' title='bbox 607 1907 738 1972; x_wconf 89' lang='lat' dir='ltr'>alterum</span> <span class='ocrx_word' id='word_1_23' title='bbox 763 1909 855 1991; x_wconf 83' lang='lat' dir='ltr'>ceput</span> <span class='ocrx_word' id='word_1_24' title='bbox 876 1909 1061 1992; x_wconf 84' lang='lat' dir='ltr'>incipiamus</span> <span class='ocrx_word' id='word_1_25' title='bbox 1094 1911 1132 1975; x_wconf 90' lang='lat' dir='ltr'>ab</span> <span class='ocrx_word' id='word_1_26' title='bbox 1160 1911 1204 1976; x_wconf 87' lang='lat' dir='ltr'>eie</span> <span class='ocrx_word' id='word_1_27' title='bbox 1227 1912 1299 1977; x_wconf 90' lang='lat' dir='ltr'>fun-</span> 
     </span>
     <span class='ocr_line' id='line_1_6' title="bbox 172 2008 1300 2098; baseline 0.005 -23"><span class='ocrx_word' id='word_1_28' title='bbox 172 2010 332 2088; x_wconf 82' lang='lat' dir='ltr'>damentis,</span> <span class='ocrx_word' id='word_1_29' title='bbox 366 2028 443 2090; x_wconf 89' lang='lat' dir='ltr'>quae</span> <span class='ocrx_word' id='word_1_30' title='bbox 474 2008 525 2073; x_wconf 91' lang='lat' dir='ltr'>hic</span> <span class='ocrx_word' id='word_1_31' title='bbox 555 2011 602 2074; x_wconf 88' lang='lat' dir='ltr'>vir</span> <span class='ocrx_word' id='word_1_32' title='bbox 633 2010 742 2075; x_wconf 85' lang='lat' dir='ltr'>doctus</span> <span class='ocrx_word' id='word_1_33' title='bbox 765 2012 846 2077; x_wconf 91' lang='lat' dir='ltr'>certo</span> <span class='ocrx_word' id='word_1_34' title='bbox 870 2013 959 2078; x_wconf 90' lang='lat' dir='ltr'>modo</span> <span class='ocrx_word' id='word_1_35' title='bbox 983 2015 1087 2095; x_wconf 81' lang='lat' dir='ltr'>posuit</span> <span class='ocrx_word' id='word_1_36' title='bbox 1097 2013 1133 2098; x_wconf 90' lang='lat'>¹).</span> <span class='ocrx_word' id='word_1_37' title='bbox 1178 2013 1300 2095; x_wconf 81' lang='lat' dir='ltr'>Quibus</span> 
     </span>
     <span class='ocr_line' id='line_1_7' title="bbox 171 2112 1298 2200; baseline 0.004 -23"><span class='ocrx_word' id='word_1_38' title='bbox 171 2114 233 2178; x_wconf 83' lang='lat' dir='ltr'>nixi</span> <span class='ocrx_word' id='word_1_39' title='bbox 265 2114 438 2190; x_wconf 83' lang='lat' dir='ltr'>tentemus,</span> <span class='ocrx_word' id='word_1_40' title='bbox 471 2112 575 2177; x_wconf 89' lang='lat' dir='ltr'>utrum</span> <span class='ocrx_word' id='word_1_41' title='bbox 607 2113 697 2178; x_wconf 87' lang='lat' dir='ltr'>huius</span> <span class='ocrx_word' id='word_1_42' title='bbox 729 2115 897 2181; x_wconf 81' lang='lat' dir='ltr'>sententiae</span> <span class='ocrx_word' id='word_1_43' title='bbox 928 2115 1011 2180; x_wconf 88' lang='lat' dir='ltr'>totas</span> <span class='ocrx_word' id='word_1_44' title='bbox 1042 2116 1227 2200; x_wconf 82' lang='lat' dir='ltr'>recipiamus</span> <span class='ocrx_word' id='word_1_45' title='bbox 1260 2137 1298 2183; x_wconf 89' lang='lat' dir='ltr'>an</span> 
     </span>
     <span class='ocr_line' id='line_1_8' title="bbox 172 2216 1299 2302; baseline 0.005 -22"><span class='ocrx_word' id='word_1_46' title='bbox 172 2217 309 2280; x_wconf 82' lang='lat' dir='ltr'>mutatae</span> <span class='ocrx_word' id='word_1_47' title='bbox 340 2216 372 2280; x_wconf 91' lang='lat' dir='ltr'>in</span> <span class='ocrx_word' id='word_1_48' title='bbox 405 2234 493 2280; x_wconf 80' lang='lat' dir='ltr'>usum</span> <span class='ocrx_word' id='word_1_49' title='bbox 527 2218 666 2281; x_wconf 87' lang='lat' dir='ltr'>nostrum</span> <span class='ocrx_word' id='word_1_50' title='bbox 698 2219 864 2282; x_wconf 86' lang='lat' dir='ltr'>vertamus.</span> <span class='ocrx_word' id='word_1_51' title='bbox 909 2219 1013 2301; x_wconf 87' lang='lat' dir='ltr'>Atque</span> <span class='ocrx_word' id='word_1_52' title='bbox 1036 2221 1094 2285; x_wconf 91' lang='lat' dir='ltr'>hoc</span> <span class='ocrx_word' id='word_1_53' title='bbox 1116 2220 1243 2302; x_wconf 85' lang='lat' dir='ltr'>quidem</span> <span class='ocrx_word' id='word_1_54' title='bbox 1265 2223 1299 2286; x_wconf 90' lang='lat' dir='ltr'>in</span> 
     </span>
     <span class='ocr_line' id='line_1_9' title="bbox 172 2318 1299 2404; baseline 0.004 -20"><span class='ocrx_word' id='word_1_55' title='bbox 172 2320 299 2384; x_wconf 88' lang='lat' dir='ltr'>dubium</span> <span class='ocrx_word' id='word_1_56' title='bbox 336 2321 438 2383; x_wconf 90' lang='lat' dir='ltr'>venire</span> <span class='ocrx_word' id='word_1_57' title='bbox 471 2318 535 2402; x_wconf 84' lang='lat' dir='ltr'>jam</span> <span class='ocrx_word' id='word_1_58' title='bbox 567 2338 626 2384; x_wconf 90' lang='lat' dir='ltr'>non</span> <span class='ocrx_word' id='word_1_59' title='bbox 653 2321 764 2402; x_wconf 86' lang='lat' dir='ltr'>polest,</span> <span class='ocrx_word' id='word_1_60' title='bbox 804 2324 874 2404; x_wconf 85' lang='lat' dir='ltr'>quin</span> <span class='ocrx_word' id='word_1_61' title='bbox 908 2323 1019 2386; x_wconf 84' lang='lat' dir='ltr'>Pollux</span> <span class='ocrx_word' id='word_1_62' title='bbox 1051 2326 1079 2386; x_wconf 87' lang='lat' dir='ltr'>in</span> <span class='ocrx_word' id='word_1_63' title='bbox 1112 2326 1191 2388; x_wconf 79' lang='lat' dir='ltr'>libro</span> <span class='ocrx_word' id='word_1_64' title='bbox 1223 2325 1299 2390; x_wconf 85' lang='lat' dir='ltr'>Vlll.</span> 
     </span>
     <span class='ocr_line' id='line_1_10' title="bbox 172 2422 1297 2510; baseline 0.002 -22"><span class='ocrx_word' id='word_1_65' title='bbox 172 2422 404 2488; x_wconf 77' lang='lat' dir='ltr'>conscribendo</span> <span class='ocrx_word' id='word_1_66' title='bbox 427 2422 595 2492; x_wconf 72' lang='lat' dir='ltr'>Aristotele</span> <span class='ocrx_word' id='word_1_67' title='bbox 622 2425 693 2504; x_wconf 85' lang='lat' dir='ltr'>ipso</span> <span class='ocrx_word' id='word_1_68' title='bbox 728 2442 802 2487; x_wconf 83' lang='lat' dir='ltr'>usus</span> <span class='ocrx_word' id='word_1_69' title='bbox 825 2426 874 2488; x_wconf 82' lang='lat' dir='ltr'>sit</span> <span class='ocrx_word' id='word_1_70' title='bbox 929 2423 1017 2503; x_wconf 80' lang='lat' dir='ltr'>Quod</span> <span class='ocrx_word' id='word_1_71' title='bbox 1040 2426 1100 2490; x_wconf 86' lang='lat' dir='ltr'>otei</span> <span class='ocrx_word' id='word_1_72' title='bbox 1122 2425 1297 2510; x_wconf 78' lang='lat' dir='ltr'>Schoffer²l</span> 
     </span>
     <span class='ocr_line' id='line_1_11' title="bbox 172 2525 1299 2610; baseline 0.003 -19"><span class='ocrx_word' id='word_1_73' title='bbox 172 2527 304 2610; x_wconf 82' lang='lat' dir='ltr'>negavit,</span> <span class='ocrx_word' id='word_1_74' title='bbox 327 2528 440 2605; x_wconf 77' lang='lat' dir='ltr'>tamen,</span> <span class='ocrx_word' id='word_1_75' title='bbox 467 2544 537 2590; x_wconf 91' lang='lat' dir='ltr'>cum</span> <span class='ocrx_word' id='word_1_76' title='bbox 561 2525 647 2590; x_wconf 88' lang='lat' dir='ltr'>nulla</span> <span class='ocrx_word' id='word_1_77' title='bbox 669 2528 851 2609; x_wconf 84' lang='lat' dir='ltr'>argumenta</span> <span class='ocrx_word' id='word_1_78' title='bbox 873 2528 913 2592; x_wconf 89' lang='lat' dir='ltr'>ad</span> <span class='ocrx_word' id='word_1_79' title='bbox 936 2529 1122 2593; x_wconf 87' lang='lat' dir='ltr'>sententiam</span> <span class='ocrx_word' id='word_1_80' title='bbox 1146 2528 1299 2595; x_wconf 90' lang='lat' dir='ltr'>Wilamo·</span> 
     </span>
     <span class='ocr_line' id='line_1_12' title="bbox 171 2627 1300 2714; baseline 0.004 -21"><span class='ocrx_word' id='word_1_81' title='bbox 171 2631 346 2695; x_wconf 83' lang='lat' dir='ltr'>witzianam</span> <span class='ocrx_word' id='word_1_82' title='bbox 365 2627 587 2693; x_wconf 76' lang='lat' dir='ltr'>debilitandam</span> <span class='ocrx_word' id='word_1_83' title='bbox 610 2628 709 2693; x_wconf 87' lang='lat' dir='ltr'>adhuc</span> <span class='ocrx_word' id='word_1_84' title='bbox 736 2629 907 2711; x_wconf 84' lang='lat' dir='ltr'>protulerit,</span> <span class='ocrx_word' id='word_1_85' title='bbox 940 2630 1024 2696; x_wconf 86' lang='lat' dir='ltr'>vaiet</span> <span class='ocrx_word' id='word_1_86' title='bbox 1048 2631 1091 2709; x_wconf 79' lang='lat' dir='ltr'>id,</span> <span class='ocrx_word' id='word_1_87' title='bbox 1124 2632 1206 2714; x_wconf 90' lang='lat' dir='ltr'>quod</span> <span class='ocrx_word' id='word_1_88' title='bbox 1230 2633 1300 2698; x_wconf 89' lang='lat' dir='ltr'>luce</span> 
     </span>
     <span class='ocr_line' id='line_1_13' title="bbox 172 2730 1299 2819; baseline 0.004 -23"><span class='ocrx_word' id='word_1_89' title='bbox 172 2735 284 2798; x_wconf 87' lang='lat' dir='ltr'>clarius</span> <span class='ocrx_word' id='word_1_90' title='bbox 307 2752 326 2796; x_wconf 91' lang='lat' dir='ltr'>a</span> <span class='ocrx_word' id='word_1_91' title='bbox 348 2731 586 2796; x_wconf 83' lang='lat' dir='ltr'>Wilamowitzio</span> <span class='ocrx_word' id='word_1_92' title='bbox 598 2730 622 2814; x_wconf 84' lang='lat'>³)</span> <span class='ocrx_word' id='word_1_93' title='bbox 647 2731 893 2797; x_wconf 85' lang='lat' dir='ltr'>demonstratum</span> <span class='ocrx_word' id='word_1_94' title='bbox 916 2734 972 2797; x_wconf 88' lang='lat' dir='ltr'>est.</span> <span class='ocrx_word' id='word_1_95' title='bbox 1026 2733 1110 2798; x_wconf 90' lang='lat' dir='ltr'>Nam</span> <span class='ocrx_word' id='word_1_96' title='bbox 1141 2735 1183 2812; x_wconf 83' lang='lat' dir='ltr'>id,</span> <span class='ocrx_word' id='word_1_97' title='bbox 1216 2736 1299 2819; x_wconf 91' lang='lat' dir='ltr'>quod</span> 
     </span>
     <span class='ocr_line' id='line_1_14' title="bbox 172 2833 1298 2911; baseline 0.004 -12"><span class='ocrx_word' id='word_1_98' title='bbox 172 2836 308 2899; x_wconf 81' lang='lat' dir='ltr'>Schbffer</span> <span class='ocrx_word' id='word_1_99' title='bbox 339 2833 424 2911; x_wconf 78' lang='lat' dir='ltr'>dicit,</span> <span class='ocrx_word' id='word_1_100' title='bbox 457 2852 490 2897; x_wconf 88' lang='lat' dir='ltr'>se</span> <span class='ocrx_word' id='word_1_101' title='bbox 522 2852 581 2898; x_wconf 93' lang='lat' dir='ltr'>non</span> <span class='ocrx_word' id='word_1_102' title='bbox 613 2835 736 2898; x_wconf 90' lang='lat' dir='ltr'>credere</span> <span class='ocrx_word' id='word_1_103' title='bbox 759 2834 919 2900; x_wconf 81' lang='lat' dir='ltr'>Pollucem</span> <span class='ocrx_word' id='word_1_104' title='bbox 946 2835 1042 2900; x_wconf 89' lang='lat' dir='ltr'>talem</span> <span class='ocrx_word' id='word_1_105' title='bbox 1066 2837 1205 2902; x_wconf 83' lang='lat' dir='ltr'>saturam</span> <span class='ocrx_word' id='word_1_106' title='bbox 1228 2839 1298 2903; x_wconf 89' lang='lat' dir='ltr'>Ian-</span> 
     </span>
     <span class='ocr_line' id='line_1_15' title="bbox 172 2936 1299 3022; baseline 0.004 -20"><span class='ocrx_word' id='word_1_107' title='bbox 172 2957 239 3003; x_wconf 88' lang='lat' dir='ltr'>cem</span> <span class='ocrx_word' id='word_1_108' title='bbox 262 2937 316 3015; x_wconf 64' lang='grc' dir='ltr'>εἰς,</span> <span class='ocrx_word' id='word_1_109' title='bbox 340 2937 392 3018; x_wconf 90' lang='lat' dir='ltr'>qui</span> <span class='ocrx_word' id='word_1_110' title='bbox 415 2955 485 3001; x_wconf 90' lang='lat' dir='ltr'>eum</span> <span class='ocrx_word' id='word_1_111' title='bbox 508 2936 657 3019; x_wconf 85' lang='lat' dir='ltr'>legerent,</span> <span class='ocrx_word' id='word_1_112' title='bbox 688 2939 878 3019; x_wconf 80' lang='lat' dir='ltr'>apposuisse,</span> <span class='ocrx_word' id='word_1_113' title='bbox 912 2940 1087 3019; x_wconf 83' lang='lat' dir='ltr'>argumenti</span> <span class='ocrx_word' id='word_1_114' title='bbox 1109 2939 1176 3006; x_wconf 89' lang='lat' dir='ltr'>Ioco</span> <span class='ocrx_word' id='word_1_115' title='bbox 1200 2943 1299 3022; x_wconf 85' lang='lat' dir='ltr'>accipi</span> 
     </span>
     <span class='ocr_line' id='line_1_16' title="bbox 170 3039 1299 3129; baseline 0.002 -23"><span class='ocrx_word' id='word_1_116' title='bbox 170 3060 228 3106; x_wconf 91' lang='lat' dir='ltr'>non</span> <span class='ocrx_word' id='word_1_117' title='bbox 253 3040 363 3123; x_wconf 77' lang='lat' dir='ltr'>potest.</span> <span class='ocrx_word' id='word_1_118' title='bbox 418 3039 501 3120; x_wconf 77' lang='lat' dir='ltr'>Quid</span> <span class='ocrx_word' id='word_1_119' title='bbox 532 3041 614 3104; x_wconf 90' lang='lat' dir='ltr'>enim</span> <span class='ocrx_word' id='word_1_120' title='bbox 635 3042 749 3106; x_wconf 87' lang='lat' dir='ltr'>ecimus</span> <span class='ocrx_word' id='word_1_121' title='bbox 781 3041 894 3129; x_wconf 77' lang='lat' dir='ltr'>decis,</span> <span class='ocrx_word' id='word_1_122' title='bbox 927 3060 1004 3123; x_wconf 88' lang='lat' dir='ltr'>quae</span> <span class='ocrx_word' id='word_1_123' title='bbox 1028 3043 1103 3107; x_wconf 88' lang='lat' dir='ltr'>artis</span> <span class='ocrx_word' id='word_1_124' title='bbox 1126 3043 1299 3108; x_wconf 75' lang='lat' dir='ltr'>rhetoricae</span> 
     </span>
     <span class='ocr_line' id='line_1_17' title="bbox 171 3143 1297 3228; baseline 0.004 -20"><span class='ocrx_word' id='word_1_125' title='bbox 171 3143 322 3226; x_wconf 82' lang='lat' dir='ltr'>magister</span> <span class='ocrx_word' id='word_1_126' title='bbox 355 3144 545 3210; x_wconf 86' lang='lat' dir='ltr'>conscribere</span> <span class='ocrx_word' id='word_1_127' title='bbox 568 3146 622 3209; x_wconf 89' lang='lat' dir='ltr'>ant</span> <span class='ocrx_word' id='word_1_128' title='bbox 644 3145 776 3211; x_wconf 85' lang='lat' dir='ltr'>voluerit</span> <span class='ocrx_word' id='word_1_129' title='bbox 798 3148 852 3210; x_wconf 84' lang='lat' dir='ltr'>aut</span> <span class='ocrx_word' id='word_1_130' title='bbox 882 3146 1019 3227; x_wconf 88' lang='lat' dir='ltr'>potuerit</span> <span class='ocrx_word' id='word_1_131' title='bbox 1049 3146 1172 3228; x_wconf 85' lang='lat' dir='ltr'>praeter</span> <span class='ocrx_word' id='word_1_132' title='bbox 1203 3149 1297 3213; x_wconf 85' lang='lat' dir='ltr'>verba</span> 
     </span>
     <span class='ocr_line' id='line_1_18' title="bbox 171 3248 1301 3331; baseline 0.005 -20"><span class='ocrx_word' id='word_1_133' title='bbox 171 3248 249 3314; x_wconf 88' lang='lat' dir='ltr'>libro</span> <span class='ocrx_word' id='word_1_134' title='bbox 272 3248 349 3312; x_wconf 90' lang='lat' dir='ltr'>VIII</span> <span class='ocrx_word' id='word_1_135' title='bbox 370 3249 528 3330; x_wconf 83' lang='lat' dir='ltr'>praefixa?</span> <span class='ocrx_word' id='word_1_136' title='bbox 572 3249 647 3314; x_wconf 89' lang='lat' dir='ltr'>Inde</span> <span class='ocrx_word' id='word_1_137' title='bbox 678 3250 869 3315; x_wconf 81' lang='lat' dir='ltr'>econtrario</span> <span class='ocrx_word' id='word_1_138' title='bbox 901 3250 1048 3331; x_wconf 73' lang='lat' dir='ltr'>eequbur,</span> <span class='ocrx_word' id='word_1_139' title='bbox 1081 3251 1118 3315; x_wconf 90' lang='lat' dir='ltr'>ut</span> <span class='ocrx_word' id='word_1_140' title='bbox 1149 3253 1254 3316; x_wconf 90' lang='lat' dir='ltr'>omnia</span> <span class='ocrx_word' id='word_1_141' title='bbox 1282 3271 1301 3317; x_wconf 91' lang='lat' dir='ltr'>e</span> 
     </span>
     <span class='ocr_line' id='line_1_19' title="bbox 172 3351 1295 3440; baseline 0.001 -22"><span class='ocrx_word' id='word_1_142' title='bbox 172 3353 264 3418; x_wconf 85' lang='lat' dir='ltr'>variis</span> <span class='ocrx_word' id='word_1_143' title='bbox 296 3353 432 3419; x_wconf 82' lang='lat' dir='ltr'>lontibus</span> <span class='ocrx_word' id='word_1_144' title='bbox 464 3353 638 3435; x_wconf 86' lang='lat' dir='ltr'>collegerit:</span> <span class='ocrx_word' id='word_1_145' title='bbox 674 3361 774 3417; x_wconf 81' lang='grc' dir='ltr'>ταῦτα</span> <span class='ocrx_word' id='word_1_146' title='bbox 805 3353 869 3438; x_wconf 83' lang='grc' dir='ltr'>ἐγὼ</span> <span class='ocrx_word' id='word_1_147' title='bbox 899 3354 955 3438; x_wconf 85' lang='grc' dir='ltr'>μὲν</span> <span class='ocrx_word' id='word_1_148' title='bbox 978 3351 1295 3440; x_wconf 84' lang='grc' dir='ltr'><strong>συνελεξάμην.</strong></span> 
     </span>
     <span class='ocr_line' id='line_1_20' title="bbox 171 3456 1302 3540; baseline 0.001 -19"><span class='ocrx_word' id='word_1_149' title='bbox 171 3457 362 3540; x_wconf 81' lang='lat' dir='ltr'>Kaibelio⁴l‚</span> <span class='ocrx_word' id='word_1_150' title='bbox 387 3476 457 3521; x_wconf 92' lang='lat' dir='ltr'>cum</span> <span class='ocrx_word' id='word_1_151' title='bbox 479 3457 593 3521; x_wconf 91' lang='lat' dir='ltr'>librum</span> <span class='ocrx_word' id='word_1_152' title='bbox 616 3476 705 3522; x_wconf 83' lang='lat' dir='ltr'>suum</span> <span class='ocrx_word' id='word_1_153' title='bbox 730 3458 877 3540; x_wconf 76' lang='lat' dir='ltr'>concepit,</span> <span class='ocrx_word' id='word_1_154' title='bbox 901 3456 1206 3523; x_wconf 84' lang='lat' dir='ltr'>heeWiIamowitzii</span> <span class='ocrx_word' id='word_1_155' title='bbox 1228 3458 1302 3540; x_wconf 86' lang='lat' dir='ltr'>pla·</span> 
     </span>
     <span class='ocr_line' id='line_1_21' title="bbox 172 3560 1300 3644; baseline -0.003 -16"><span class='ocrx_word' id='word_1_156' title='bbox 172 3563 263 3644; x_wconf 85' lang='lat' dir='ltr'>gulae</span> <span class='ocrx_word' id='word_1_157' title='bbox 287 3563 457 3628; x_wconf 89' lang='lat' dir='ltr'>etiamtunc</span> <span class='ocrx_word' id='word_1_158' title='bbox 480 3562 603 3644; x_wconf 83' lang='lat' dir='ltr'>ignotae</span> <span class='ocrx_word' id='word_1_159' title='bbox 630 3562 724 3626; x_wconf 84' lang='lat' dir='ltr'>luisse</span> <span class='ocrx_word' id='word_1_160' title='bbox 747 3561 900 3626; x_wconf 85' lang='lat' dir='ltr'>videntur.</span> <span class='ocrx_word' id='word_1_161' title='bbox 946 3560 1007 3626; x_wconf 86' lang='lat' dir='ltr'>Sed</span> <span class='ocrx_word' id='word_1_162' title='bbox 1030 3578 1101 3625; x_wconf 91' lang='lat' dir='ltr'>cnm</span> <span class='ocrx_word' id='word_1_163' title='bbox 1122 3560 1201 3626; x_wconf 91' lang='lat' dir='ltr'>mihi</span> <span class='ocrx_word' id='word_1_164' title='bbox 1223 3579 1300 3625; x_wconf 89' lang='lat' dir='ltr'>auc·</span> 
     </span>
    </p>
   </div>
   <div class='ocr_carea' id='block_1_4' title="bbox 174 3902 1300 4316">
    <p class='ocr_par' dir='ltr' id='par_1_4' title="bbox 276 3902 622 3972">
     <span class='ocr_line' id='line_1_22' title="bbox 276 3902 622 3972; baseline 0.006 -18"><span class='ocrx_word' id='word_1_165' title='bbox 276 3902 303 3972; x_wconf 85' lang='grc'>1)</span> <span class='ocrx_word' id='word_1_166' title='bbox 322 3905 339 3957; x_wconf 90' lang='lat' dir='ltr'>l.</span> <span class='ocrx_word' id='word_1_167' title='bbox 358 3905 375 3957; x_wconf 89' lang='lat' dir='ltr'>l.</span> <span class='ocrx_word' id='word_1_168' title='bbox 395 3904 413 3957; x_wconf 91' lang='lat' dir='ltr'>I.</span> <span class='ocrx_word' id='word_1_169' title='bbox 432 3919 457 3971; x_wconf 87' lang='lat' dir='ltr'>p.</span> <span class='ocrx_word' id='word_1_170' title='bbox 476 3904 622 3957; x_wconf 80' lang='lat' dir='ltr'>291-30l.</span> 
     </span>
    </p>

    <p class='ocr_par' dir='ltr' id='par_1_5' title="bbox 174 3984 1300 4142">
     <span class='ocr_line' id='line_1_23' title="bbox 275 3984 1300 4058; baseline -0.002 -19"><span class='ocrx_word' id='word_1_171' title='bbox 275 3990 303 4058; x_wconf 84' lang='lat'>2)</span> <span class='ocrx_word' id='word_1_172' title='bbox 321 3990 536 4044; x_wconf 79' lang='lat' dir='ltr'>lehresberIcht</span> <span class='ocrx_word' id='word_1_173' title='bbox 561 3990 632 4042; x_wconf 85' lang='lat' dir='ltr'>iiber</span> <span class='ocrx_word' id='word_1_174' title='bbox 660 3989 705 4042; x_wconf 92' lang='lat' dir='ltr'>die</span> <span class='ocrx_word' id='word_1_175' title='bbox 723 3988 912 4042; x_wconf 86' lang='lat' dir='ltr'>Fortschritte</span> <span class='ocrx_word' id='word_1_176' title='bbox 937 3989 987 4041; x_wconf 89' lang='lat' dir='ltr'>der</span> <span class='ocrx_word' id='word_1_177' title='bbox 1004 3988 1091 4041; x_wconf 74' lang='lat' dir='ltr'>klase</span> <span class='ocrx_word' id='word_1_178' title='bbox 1108 3984 1300 4039; x_wconf 84' lang='lat' dir='ltr'>Alterthums-</span> 
     </span>
     <span class='ocr_line' id='line_1_24' title="bbox 174 4075 595 4142; baseline -0.005 -13"><span class='ocrx_word' id='word_1_179' title='bbox 174 4077 249 4130; x_wconf 75' lang='lat' dir='ltr'>wisc.</span> <span class='ocrx_word' id='word_1_180' title='bbox 271 4077 344 4131; x_wconf 84' lang='lat'>1895.</span> <span class='ocrx_word' id='word_1_181' title='bbox 363 4077 413 4129; x_wconf 94' lang='lat' dir='ltr'>Bd.</span> <span class='ocrx_word' id='word_1_182' title='bbox 432 4077 473 4129; x_wconf 87' lang='lat'>83.</span> <span class='ocrx_word' id='word_1_183' title='bbox 492 4091 517 4142; x_wconf 88' lang='lat' dir='ltr'>p.</span> <span class='ocrx_word' id='word_1_184' title='bbox 536 4075 595 4128; x_wconf 81' lang='lat'><strong>220.</strong></span> 
     </span>
    </p>

    <p class='ocr_par' dir='ltr' id='par_1_6' title="bbox 276 4160 623 4229">
     <span class='ocr_line' id='line_1_25' title="bbox 276 4160 623 4229; baseline -0.006 -13"><span class='ocrx_word' id='word_1_185' title='bbox 276 4165 303 4226; x_wconf 88' lang='lat'>3)</span> <span class='ocrx_word' id='word_1_186' title='bbox 321 4163 339 4214; x_wconf 90' lang='lat' dir='ltr'>I.</span> <span class='ocrx_word' id='word_1_187' title='bbox 358 4162 375 4215; x_wconf 90' lang='lat' dir='ltr'>I.</span> <span class='ocrx_word' id='word_1_188' title='bbox 394 4160 413 4213; x_wconf 92' lang='lat' dir='ltr'>I.</span> <span class='ocrx_word' id='word_1_189' title='bbox 432 4177 457 4229; x_wconf 91' lang='lat' dir='ltr'>p.</span> <span class='ocrx_word' id='word_1_190' title='bbox 477 4161 623 4216; x_wconf 80' lang='lat'><strong>295-298.</strong></span> 
     </span>
    </p>

    <p class='ocr_par' dir='ltr' id='par_1_7' title="bbox 272 4247 739 4316">
     <span class='ocr_line' id='line_1_26' title="bbox 272 4247 739 4316; baseline 0.004 -19"><span class='ocrx_word' id='word_1_191' title='bbox 272 4251 300 4310; x_wconf 88' lang='lat'>4)</span> <span class='ocrx_word' id='word_1_192' title='bbox 320 4248 374 4302; x_wconf 83' lang='lat' dir='ltr'>Stil</span> <span class='ocrx_word' id='word_1_193' title='bbox 391 4249 448 4300; x_wconf 92' lang='lat' dir='ltr'>und</span> <span class='ocrx_word' id='word_1_194' title='bbox 467 4247 542 4301; x_wconf 79' lang='lat' dir='ltr'>Text</span> <span class='ocrx_word' id='word_1_195' title='bbox 559 4263 584 4316; x_wconf 88' lang='lat' dir='ltr'>p.</span> <span class='ocrx_word' id='word_1_196' title='bbox 603 4248 662 4312; x_wconf 72' lang='lat'><strong>244,</strong></span> <span class='ocrx_word' id='word_1_197' title='bbox 681 4248 739 4301; x_wconf 81' lang='lat'>245.</span> 
     </span>
    </p>
   </div>
   <div class='ocr_carea' id='block_1_5' title="bbox 0 0 1466 4928">
    <p class='ocr_par' dir='ltr' id='par_1_8' title="bbox 0 0 1466 4928">
     <span class='ocr_line' id='line_1_27' title="bbox 0 0 1466 4928; baseline 0 0"><span class='ocrx_word' id='word_1_198' title='bbox 0 0 1466 4928; x_wconf 95' lang='lat' dir='ltr'> </span> 
     </span>
    </p>
   </div>
  </div>
 </body>
</html>
