2924 4928
603 1301 752 1419 Caput
778 1301 805 1394 l.

143 1510 386 1598 Fontem
396 1509 581 1614 partis
596 1509 937 1613 posterioris
951 1507 1132 1596 libelli
1142 1511 1264 1596 Ari-

145 1630 376 1718 etotelei
397 1631 466 1716 de
485 1628 798 1733 Republica
817 1629 1264 1716 Atheniensium

142 1766 261 1837 non
288 1749 589 1836 Atthidem
622 1766 809 1855 neque
841 1752 1025 1836 ullum
1051 1747 1264 1836 librum

142 1869 355 1956 litteris
367 1870 585 1956 editum
599 1871 783 1956 fuisse
799 1871 901 1956 sed
912 1872 1073 1976 leges
1084 1871 1262 1974 ipsas,

561 1987 853 2093 probatur.

245 2192 329 2256 Inter
352 2211 457 2258 omnes
480 2194 610 2273 constat,
642 2193 844 2259 Aristotelem
875 2193 908 2258 in
938 2194 1038 2276 priore
1069 2194 1118 2259 sui
1146 2192 1183 2257 de
1206 2194 1266 2258 Re-

143 2296 268 2378 publica
288 2295 527 2362 Atheniensium
551 2297 650 2362 libelli
664 2298 752 2380 parte
767 2296 909 2375 Atthide,
933 2316 1011 2380 quaa
1034 2296 1156 2376 dieitur,
1179 2297 1264 2361 fonte

143 2399 296 2464 uberrime
318 2419 409 2466 usum
431 2418 508 2465 esse.
552 2400 709 2479 Eiusdem,
733 2401 782 2466 vel
805 2399 917 2481 dicam,
947 2401 1048 2468 multo
1071 2401 1196 2483 majmis
1218 2401 1267 2464 est

143 2502 308 2581 momenti,
340 2503 373 2567 in
395 2503 564 2585 posteriore
589 2502 681 2568 huius
705 2506 804 2586 operis
827 2504 915 2586 parte
946 2506 1036 2587 leges
1067 2520 1086 2566 a
1117 2502 1266 2584 scriptore

143 2606 184 2671 ad
220 2607 453 2672 describendum
489 2607 675 2690 reipublicae
707 2609 833 2686 statum,
871 2607 972 2689 qualis
1005 2606 1074 2671 tum
1105 2608 1196 2682 esset,
1233 2605 1266 2669 in

144 2729 236 2776 usum
258 2711 387 2776 collatas
409 2731 486 2777 esse.
532 2710 620 2790 Quod
642 2712 806 2793 utrumque
828 2709 1087 2776 demonstravisse
1102 2711 1142 2788 et,
1167 2726 1264 2790 quan-

144 2817 210 2879 tum
232 2813 265 2878 id
286 2815 405 2880 valeret
427 2815 466 2879 ad
489 2814 715 2879 enarrationem
737 2814 959 2879 Aristoteleam
990 2813 1073 2878 reete
1099 2811 1265 2877 aestiman-

143 2914 1266 2998 wuwmmmdmmmffimmmmmmmmm

143 3021 517 3103 mmffiwmwm

246 3124 309 3189 Lex
331 3124 449 3210 [Dem]
474 3124 525 3188 43.
549 3124 590 3189 75
626 3125 753 3208 inserta,
785 3143 846 3208 qua
868 3141 995 3188 munera
1016 3121 1170 3187 archontis
1193 3140 1268 3203 epo·

143 3229 230 3313 nymi
252 3227 476 3307 deseribuntur,
500 3228 689 3310 quantopere
708 3245 779 3292 eum
794 3227 924 3291 Aristot.
940 3225 1071 3308 Republ.
1093 3224 1266 3288 Athenae

142 3331 174 3396 in
197 3332 305 3413 primis
329 3331 385 3396 sub
409 3330 504 3395 finem
526 3330 636 3413 eapitis
652 3330 812 3412 congruat,
836 3347 925 3394 nemo
941 3328 997 3407 est,
1021 3327 1096 3410 quin
1111 3325 1216 3391 videat
1229 3326 1266 3407 ¹).

257 3501 379 3590 [Dam]
403 3505 460 3568 43.
483 3504 524 3568 75
536 3502 571 3585 ²).
704 3501 707 3636 μ
881 3500 976 3566 Arist
999 3501 1051 3564 56.
1076 3500 1105 3563 7.

144 3657 160 3720 ὁ
183 3658 289 3742 ἄρχων
312 3655 525 3741 ἐπιμελείσθω
548 3664 610 3719 τῶν
632 3655 682 3738 ὀρ·
727 3654 921 3740 ἐπιμελεῖται
948 3653 981 3715 δὲ
1004 3654 1060 3715 καὶ
1081 3658 1144 3715 τῶν
1169 3651 1263 3735 ὀρφα-

144 3767 249 3842 φιινῶν
272 3762 327 3822 καὶ
350 3767 411 3823 τῶν
427 3757 605 3842 ἐπικλήρων
627 3760 683 3820 καὶ
726 3768 786 3824 νῶν
808 3760 863 3822 καὶ
886 3763 948 3819 τῶν
971 3753 1149 3839 ἐπικλήρων

144 3868 207 3927 τῶν
228 3863 322 3926 οἴκων
345 3869 407 3926 τῶν
428 3859 680 3945 ἐξερημουμένων

247 4136 274 4202 1)
292 4135 331 4189 cf.
350 4135 548 4199 Wilamowita,
566 4133 685 4188 Aristot.
705 4135 763 4188 und
779 4134 881 4189 Athen.
900 4133 920 4187 1.
938 4147 964 4200 p.
983 4131 1042 4186 259.

246 4221 275 4283 2)
295 4219 392 4290 [Demi
411 4222 452 4275 35.
470 4219 505 4272 48
524 4219 616 4275 offloia
633 4220 778 4275 arohontis
795 4221 838 4275 sio
853 4219 884 4273 in
901 4220 997 4273 artum
1018 4217 1147 4285 collegit:
1175 4215 1267 4268 οὐκοῦν

145 4306 291 4376 ἐπικλήρων
309 4306 351 4359 καὶ
369 4310 491 4375 ὀρφανῶν
508 4305 550 4359 καὶ
567 4305 665 4358 τοκέων
682 4308 723 4375 τῷ
738 4303 845 4376 ἄρχοντι
861 4304 1050 4372 προπέτακται
1068 4301 1265 4368 &trosleianum

1123 4406 1136 4457 l
