2924 4928
710 325 755 388 ‘il-

166 526 210 600 εἰς
225 535 355 611 πρᾶγμα
370 525 483 608 ὁτιοῦν,
509 525 702 612 ρηματικῶς.
726 526 729 629 l
751 529 806 591 καὶ
828 527 844 589 ὁ
868 527 899 591 ἐν
924 536 987 602 τοῖς
1015 537 1130 603 κοινοῖς
1157 528 1292 614 ἐφεστη-

167 627 296 713 λέγεται
328 629 361 693 δὲ
384 631 440 692 καὶ
462 630 479 693 ὁ
502 630 706 715 ἐπιστάμενός
726 633 729 715 l
752 634 815 707 κὼς
837 633 996 717 πράγματι
1020 631 1102 713 ᾧτινι
1124 633 1189 695 οὖν.

168 752 224 795 τινι
261 733 317 795 καὶ
352 731 517 818 ἐπαίτης·
543 735 627 817 παρά
670 724 730 797 ιδ’

167 834 371 919 ἐφίστασθαι·
384 837 461 900 οἷον·
483 844 541 919 ,σῷ
552 835 705 920 ἐπιστάταςΙ
728 874 730 923 1

167 939 231 1003 οὐδ’
255 938 320 1002 ἅλα
349 937 454 1024 δοίηςΙ
487 937 642 1015 πολλάκις
673 930 730 1019 δὲῖ

168 1046 223 1107 καὶ
254 1044 306 1107 ἐπὶ
332 1051 387 1106 τοῦ
410 1041 603 1106 διδασκάλου
627 1042 730 1128 λοιμ-Ι

136 1200 137 1204 ,
168 1145 295 1232 βάνετοιι
318 1146 339 1229 ἡ
364 1143 465 1221 λέξις.
491 1146 538 1208 δτι
561 1153 621 1210 τῶν
645 1147 708 1210 500
751 1145 803 1210 Ad
826 1147 918 1211 verta
941 1147 1096 1229 postrema
1120 1147 1229 1211 111.Μ.
1252 1147 1291 1211 of.

168 1249 196 1314 oi
229 1250 283 1334 μὲν
315 1249 358 1312 50
388 1247 551 1332 πρυτάνεις
576 1270 584 1285 ·
609 1249 637 1313 οἱ
674 1250 708 1312 δὲ
753 1249 848 1314 schol.
875 1251 961 1315 Deru.
993 1270 1021 1332 p.
1044 1250 1117 1314 594.
1141 1249 1183 1311 25
1215 1248 1293 1333 ἐπή-

170 1351 211 1415 10
244 1350 385 1436 πρόεδροι
411 1373 419 1388 ·
445 1352 462 1415 δ
494 1351 528 1415 δὲ
561 1355 605 1429 εἷς
643 1353 708 1416 ἐπι·
729 1294 732 1419 λ
753 1373 833 1435 ρετο.

168 1453 299 1540 στάτης.
729 1426 732 1535 Ι

271 1659 317 1722 lix
340 1658 482 1723 omuibus
505 1659 576 1741 plus
600 1679 692 1741 quam
718 1659 778 1723 100
793 1662 905 1744 glossis
922 1662 970 1724 ut.
988 1661 1031 1724 M.
1056 1679 1140 1725 arne
1155 1660 1294 1725 collectis

168 1780 262 1825 unam
294 1761 500 1843 deprehendi,
536 1781 614 1844 quae
645 1763 733 1827 nobis
766 1765 837 1827 novi
868 1764 986 1845 aliquid
1016 1764 1137 1828 enarret
1168 1761 1293 1827 aliunde

168 1865 319 1947 ignotum,
351 1865 395 1947 gl.
418 1866 468 1930 at.
491 1866 534 1930 M.
551 1865 625 1932 227.
640 1868 683 1930 35
705 1876 847 1951 γεραῖροιι
871 1887 886 1931 e
909 1867 1006 1931 lexico
1022 1867 1188 1931 Atticistae
1212 1866 1293 1930 Pau-

168 1968 274 2032 saniae
296 1968 449 2048 haustam,
472 1970 508 2033 ut
530 1972 637 2035 auctor
660 1971 726 2052 ipse
749 1971 919 2047 confitetur,
944 1972 1072 2036 sortasse
1095 1988 1187 2051 opera
1210 1969 1294 2034 Pho·

168 2070 217 2146 tii,
247 2071 377 2136 alteram
400 2073 449 2138 Et.
471 2072 515 2137 M.
539 2073 612 2137 699.
636 2073 679 2136 26
701 2073 859 2157 πάρεδροι,
893 2074 946 2137 ubi
978 2073 1080 2138 verbis
1103 2073 1209 2152 lentie,
1242 2074 1295 2155 qui

169 2174 229 2239 lex,
253 2173 323 2256 Seg.
346 2176 384 2240 V.
408 2174 481 2254 288,
509 2176 548 2238 16
571 2176 628 2253 est,
661 2176 722 2241 alia
744 2177 901 2254 nonnulla,
938 2196 1025 2259 quae,
1049 2177 1128 2241 uude
1151 2178 1294 2259 prompta

170 2276 244 2358 sint,
276 2280 388 2357 nescio,
411 2277 531 2363 adfigit.
581 2279 700 2359 Quibus
733 2282 867 2363 exeeptis
891 2281 1093 2364 Etymologus
1116 2283 1219 2345 noster
1242 2282 1296 2344 aut

170 2386 223 2450 uui
246 2383 323 2448 fonti
347 2384 410 2448 sive
426 2382 665 2464 Harpocratioui
688 2384 751 2449 sive
774 2386 870 2449 lexico
887 2383 957 2465 Seg.
974 2384 1010 2448 V.
1029 2385 1092 2448 sive
1112 2384 1222 2448 Photio
1247 2387 1296 2446 to·

169 2487 220 2550 tus
253 2505 285 2551 se
316 2484 470 2567 applicat,
503 2488 557 2550 aut
588 2485 684 2550 alium
717 2506 785 2552 eum
817 2488 877 2552 alio
910 2487 1111 2564 contaminat,
1140 2489 1193 2550 aut
1218 2487 1295 2548 duas

170 2588 289 2670 glossas
322 2589 414 2654 unius
445 2589 580 2653 auctoris
613 2589 643 2653 in
667 2609 759 2654 unam
783 2590 956 2663 contrahit,
989 2589 1089 2654 verbis
1123 2589 1162 2653 ad
1192 2589 1295 2670 partes

169 2693 338 2756 contrarias
371 2691 609 2774 conjungendas,
643 2694 746 2775 qualia
778 2695 850 2756 suut
882 2695 916 2777 ἤ,
950 2692 1066 2775 ἄλλως,
1101 2691 1229 2776 λέγεται
1260 2692 1294 2756 δὲ

170 2792 238 2875 καί,
263 2792 354 2857 ἄλλοι
377 2793 411 2856 δὲ
439 2792 580 2878 λέγουσι,
615 2795 721 2879 φασίν,
753 2795 826 2879 γάρ,
861 2795 984 2874 similia,
1020 2798 1074 2860 aul
1105 2795 1218 2860 additis
1241 2796 1297 2860 aut

170 2898 299 2980 spretis:
334 2897 373 2961 cf.
396 2898 445 2962 ut.
470 2897 513 2962 M.
537 2897 609 2961 226.
637 2900 676 2963 13
706 2909 837 2984 γενήται
864 2929 901 2956 .-
934 2900 990 2965 lar.
1015 2899 1084 2981 Seg.
1110 2899 1145 2963 V.
1178 2899 1295 2964 aaa&

174 3013 208 3071 -ι-
234 2997 307 3064 231.
330 2997 383 3064 23.
428 3001 478 3066 Et.
502 3002 545 3066 M.
570 3002 642 3067 448.
669 3003 707 3065 10
731 3002 927 3088 θεσμοθέται
944 3030 981 3060 --
1000 3002 1058 3066 lex.
1083 3002 1151 3083 Seg.
1166 3002 1204 3064 V.
1222 3002 1294 3066 ael.

171 3101 372 3179 15-1-264.
397 3104 447 3170 13.
493 3106 542 3170 ut.
566 3106 609 3170 M.
630 3106 705 3171 549.
728 3109 748 3170 4
771 3107 863 3191 κυρία
890 3135 926 3162 =
950 3107 1008 3171 lex.
1033 3107 1102 3190 Seg.
1126 3107 1162 3169 V.
1186 3105 1296 3170 alec

171 3208 210 3278 -l-
235 3205 309 3272 274.
333 3208 385 3273 19.
431 3211 481 3278 ut.
505 3210 546 3274 M.
571 3210 644 3275 653.
667 3210 688 3274 2
711 3211 991 3294 παρακατάστασις
1019 3239 1054 3266 =
1078 3210 1136 3275 lex.
1162 3210 1230 3292 Sog.
1256 3210 1296 3276 V.

172 3306 243 3373 290.
269 3310 470 3387 19-1-2110.
497 3313 545 3377 13.
591 3313 842 3378 Ε1.Μ.4112.1
878 3312 986 3397 ἐφέται
1021 3340 1060 3369 =
1093 3313 1186 3378 Phot.
1210 3312 1296 3396 gia

172 3412 203 3472 ·l·
226 3413 269 3496 gl.
287 3414 315 3480 1.
360 3415 409 3479 Et.
433 3415 478 3479 M.
501 3416 575 3480 448.
599 3417 638 3480 47
663 3417 816 3501 Macoraba
839 3418 1018 3502 άργὺριονι)
1043 3444 1083 3472 =
1108 3416 1199 3480 Phol.
1215 3415 1258 3499 gl.
1281 3417 1294 3479 1

170 3516 268 3602 ssgl.
293 3515 314 3579 2
336 3518 369 3584 l-
386 3518 428 3601 gl.
455 3519 602 3601 liverbis
621 3520 708 3584 Deru.
729 3521 777 3585 18.
800 3520 842 3584 28
866 3521 967 3584 nescio
990 3519 1070 3583 uude
1093 3519 1241 3600 correptis
1264 3520 1296 3584 et

170 3619 367 3703 interjectis).
413 3620 462 3683 111.
488 3621 530 3684 M.
555 3621 628 3686 254.
651 3623 693 3685 ‘29
716 3624 859 3702 δεκάζειν
883 3650 921 3677 =
946 3623 1004 3688 lex,
1029 3623 1100 3705 Sag.
1124 3623 1162 3686 V.
1187 3621 1297 3686 1383

171 3721 205 3789 -1
228 3723 323 3804 Harp.
348 3722 431 3804 epit.
455 3742 479 3787 s.
504 3744 530 3788 v.
557 3725 709 3805 δεκάζων.
757 3728 805 3791 Et.
829 3727 873 3790 M.
897 3727 970 3790 391.
994 3726 1035 3790 52
1058 3727 1226 3809 εὐθῦναιῖ)
1256 3753 1295 3783 =

170 3824 267 3908 Harp.
291 3827 373 3909 opit.
399 3826 432 3892 ·l·
448 3828 538 3893 Phot.
562 3848 586 3893 S.
610 3850 638 3893 ν.
663 3831 791 3895 εὐθύνοι.
836 3832 886 3895 ut.
910 3830 952 3893 M.
977 3829 1050 3897 401.
1067 3831 1109 3893 50
1132 3832 1235 3913 ἔφεσις
1256 3856 1295 3886 =

171 4032 426 4042 ——-——-

275 4171 301 4231 1)
319 4169 349 4222 lu
367 4169 421 4224 hac
438 4169 536 4236 glossa
553 4171 641 4224 verta
658 4169 745 4224 fontis
763 4171 857 4238 paullo
877 4170 1018 4224 crudelius
1040 4173 1147 4224 vexata
1165 4171 1238 4225 sunt.

274 4256 303 4321 2)
321 4254 387 4310 Coo.
399 4255 473 4310 Flor.
487 4256 529 4309 ed.
542 4255 632 4311 Miller
644 4271 669 4326 p.
684 4257 733 4311 132
746 4258 835 4325 priori
847 4257 920 4324 parti
934 4271 1034 4311 vocem
1047 4256 1202 4315 δικάσαντες
1211 4257 1299 4312 auoit.
