2924 4928
696 361 756 425 1⁶27

164 567 236 644 cuii,
261 584 353 647 quam
377 564 414 628 cb
436 582 501 628 rem
524 562 606 645 apud
628 564 686 629 lex.
712 564 781 648 Seg.
807 565 851 628 lV
874 567 906 629 et
923 565 963 642 V,
985 564 1088 642 Phua,
1112 563 1210 640 Sald,
1234 583 1291 628 nec

163 689 224 735 non
246 667 341 733 Mich.
364 666 513 745 Psellum
537 668 648 749 quibus
670 668 746 732 haec
769 662 851 733 actio
865 669 984 732 intenta
1000 667 1049 746 sit,
1074 668 1288 750 cognoscimus

163 773 304 858 neglecto
319 771 516 848 discrimine,
542 772 623 854 quod
644 772 726 836 inter
750 771 906 857 ἐφηγησιν
933 774 964 836 et
987 771 1166 856 ἀπαγωγήν
1187 773 1219 836 el
1241 773 1289 835 ἔν-

164 875 256 954 δειξιν
279 876 390 941 exstat.

54 1064 149 1130 Suid.
182 1083 208 1128 s.
232 1081 260 1126 ν.
291 1060 369 1145 ἐφη·
398 1063 488 1127 Phot.
513 1082 539 1125 s.
563 1081 593 1128 ν.
627 1061 704 1147 ἐφή-
777 1064 851 1128 Lex.
877 1064 952 1144 Sec.
976 1063 1012 1126 V.
1086 1063 1181 1126 Μὶοίι.
1206 1061 1392 1142 Psell.§8.

163 1169 267 1234 γησις.
492 1169 595 1233 γησις.
835 1150 899 1214 312.
923 1151 955 1212 31

55 1305 130 1368 ἐστί
151 1301 225 1387 δίκη
251 1303 369 1384 είςαγο-
397 1300 553 1386 ἐφήγησίς
576 1302 643 1366 ἐστι
662 1301 704 1365 δί-
741 1301 932 1387 ἐφηγησιςί)
974 1301 1048 1388 δίκη
1085 1300 1106 1384 η
1152 1300 1187 1363 δὲ
1239 1298 1394 1384 ἐφηγησις

56 1405 139 1491 μένη
151 1404 203 1467 ἐπὶ
211 1407 282 1480 τοὺς
294 1405 369 1467 ὑπο·
397 1425 440 1489 κη
519 1404 703 1491 είςαγομένη
741 1404 826 1467 ἐστίν
863 1403 1048 1491 είςαγομένη
1086 1401 1204 1465 ἐδίδοτο
1226 1403 1312 1464 κατὰ
1332 1409 1394 1464 τῶν

55 1507 369 1593 δεξαμένουςτδνείρ-
397 1509 482 1570 κατά
496 1506 521 1584 ²)
544 1517 606 1571 τῶν
629 1509 704 1572 ὑπο·
741 1510 827 1571 κατὰ
854 1517 915 1571 τῶν
939 1508 1048 1572 ὑποδε-
1086 1503 1321 1588 ὑποδεξαμένων

57 1610 193 1697 γόμενον
223 1610 282 1672 ὑπὸ
308 1618 369 1673 τῶν
397 1608 573 1695 δεξαμένων
583 1613 636 1674 τὸν
646 1613 704 1695 ele·
740 1610 879 1695 ξαμένων
911 1612 965 1673 τὸν
990 1611 1048 1694 εἰρ-

56 1713 163 1800 νδμων
202 1711 369 1799 ἐπιβαίνειν
396 1712 529 1798 γδμενον
560 1714 619 1777 ὑπδ
643 1723 705 1778 τῶν
740 1713 871 1799 γδμενον
904 1713 964 1776 ὑπὸ
988 1721 1049 1776 τῶν

57 1826 119 1902 τῆς
149 1815 267 1901 χώρας,
304 1817 370 1878 οίον
397 1817 496 1900 νδμων
539 1815 705 1903 ἐπιβαίνειν
741 1817 841 1901 νόμων
884 1814 1050 1902 ἐπιβαίνειν

56 1918 188 2004 φυγάδα
217 1917 368 2002 ἢάνδμο-
397 1927 454 2002 τῆς
485 1918 602 2003 χώρας,
641 1922 705 1984 οίον
740 1929 798 2004 τῆς
831 1919 949 2004 χώρας,
984 1921 1049 1982 οίον

56 2022 165 2105 φόνον.
185 2022 369 2106 ἢδταντῶν
397 2021 523 2104 φυγάδα
552 2023 573 2106 ἢ
598 2023 704 2107 άνδρο-
740 2023 866 2107 φυγάδα
897 2024 918 2108 ἢ
943 2021 1049 2105 άνδρο-
1084 2023 1138 2084 τδν
1174 2019 1300 2102 φυγάδα
1338 2027 1395 2101 της

55 2122 218 2209 δημοσίων
240 2145 269 2186 τ’.
292 2145 369 2187 κατ·
397 2123 501 2206 φόνον.
523 2125 704 2208 ἢδταντῶν
740 2125 971 2209 φονονῆὅταν
987 2132 1049 2188 τῶν
1085 2123 1206 2196 πόλεως
1258 2123 1279 2207 ἢ
1332 2128 1394 2183 τῶν

58 2225 146 2311 ἐχειν
192 2226 271 2310 δοκῇ
325 2249 369 2303 τις
396 2225 553 2312 δημοσίων
575 2248 603 2290 τι
627 2249 703 2290 κατ·
740 2227 896 2314 δημοσίων
919 2248 948 2290 τι
971 2247 1047 2291 κατ·
1085 2223 1288 2307 κεκλοφδτων
1312 2223 1394 2287 aaa·

58 2328 176 2412 κρύφα.
396 2328 481 2413 ἐχειν
530 2331 609 2415 δοκη
660 2352 705 2405 τις
740 2329 826 2415 ἐχειν
874 2329 954 2414 δοκῇ
1004 2351 1049 2404 τις
1084 2328 1176 2413 ραίως
1191 2337 1321 2412 πρᾶγμα
1337 2327 1392 2412 δη-

396 2433 511 2516 κρύφα.
740 2433 854 2516 κρύφα.
1084 2432 1201 2516 μάσιον.

269 2619 414 2685 Sufficere
438 2621 527 2686 credo
550 2621 627 2686 haec
650 2621 789 2702 exempla
813 2641 831 2685 a
853 2640 902 2684 me
919 2621 1060 2698 collecta,
1084 2620 1164 2685 unde
1188 2621 1288 2702 quivis

165 2723 304 2787 Psellum
328 2741 388 2787 nou
410 2725 544 2788 veterem
568 2724 701 2806 quidem,
726 2726 759 2788 el
781 2725 929 2788 usitatum
952 2725 1056 2788 tamen
1080 2722 1217 2787 omnium
1241 2724 1287 2787 lc·

164 2827 417 2909 uicographorum
450 2827 621 2892 doctrinam
653 2831 791 2891 seculum
817 2845 883 2891 esse
906 2828 1079 2910 perspicial.
1125 2827 1186 2892 Sed
1208 2828 1288 2891 hanc

164 2931 265 3011 ipsam
299 2928 478 3009 doctrinam,
511 2931 653 3013 quamvis
686 2932 727 2994 sit
758 2929 926 3012 depravate
949 2932 981 2995 el
1004 2931 1150 3009 derivata,
1182 2931 1287 2994 lemen

164 3035 361 3097 contemnere
384 3051 445 3097 non
467 3052 640 3115 possumus,
678 3034 750 3115 quia
782 3034 812 3096 in
845 3033 981 3098 fontibus
1012 3034 1149 3115 probabis
1178 3034 1288 3098 niiilur

166 3137 198 3199 el
224 3136 356 3200 lruslula
378 3137 524 3219 plenioris
559 3138 664 3219 copiae
695 3138 831 3218 pretiosa
853 3143 885 3200 et
908 3136 1032 3200 aliunde
1055 3138 1160 3219 ignota
1183 3137 1287 3202 nobis·

164 3255 236 3302 cum
259 3240 475 3303 communicat.
521 3239 639 3305 Idcirco
662 3239 784 3305 Psellus
812 3258 940 3321 quoque,
973 3240 1048 3304 licet
1069 3259 1117 3304 res
1141 3241 1224 3321 ipsae
1248 3239 1286 3303 ab

165 3340 223 3405 hac
245 3343 387 3406 narratae
409 3343 524 3407 nullius
548 3344 611 3407 sinl
633 3344 782 3408 momenti
805 3346 837 3406 et
859 3343 969 3407 melius
985 3342 1067 3424 apud
1082 3360 1286 3424 unumquem-

164 3462 223 3524 que
246 3443 496 3528 lcxlcogruphum
532 3447 682 3528 legantur,
715 3445 826 3529 dignus
860 3447 915 3522 est,
951 3464 1041 3526 quem
1074 3446 1285 3526 respiciamus

164 3546 238 3627 quie
260 3546 344 3612 solus
367 3550 488 3630 praeter
510 3549 669 3614 Pollucem
698 3549 865 3614 secundum
888 3567 989 3612 rerum
1013 3549 1150 3613 ordinem
1174 3547 1286 3612 librum

167 3651 348 3732 composuit.
403 3650 491 3731 Quod
523 3673 596 3718 sane
623 3654 701 3717 nihil
722 3653 846 3729 valeret,
880 3653 907 3716 si
929 3654 995 3734 ipse
1018 3672 1065 3716 res
1090 3652 1145 3716 lali
1168 3651 1286 3715 ratione

164 3751 376 3835 disposuisset,
411 3758 442 3820 el
469 3758 572 3822 omniu
603 3776 619 3821 e
643 3759 738 3821 lexico
765 3756 897 3838 quodam
920 3755 1088 3820 secundum
1111 3756 1285 3820 litterarum

164 3853 304 3920 ordinem
327 3859 410 3923 edito
441 3859 605 3926 hausisset.
659 3860 718 3925 Sed
749 3860 885 3942 primum
909 3879 963 3941 per
986 3879 1017 3923 se
1040 3860 1105 3923 veri
1127 3859 1174 3922 esi
1197 3857 1286 3921 dissi-

163 4049 422 4057 ——-.——-—..—

272 4184 298 4250 l)
317 4185 376 4238 cod.
397 4184 532 4254 ὑφήγησις.

269 4269 299 4336 2)
319 4271 379 4324 cod.
399 4270 458 4324 ἀπό.
