2924 4928
697 316 757 380 112

164 518 289 582 turbare
313 519 456 582 uoluisse.
501 519 609 583 Altero
640 519 707 584 loco
738 519 826 583 nobis
849 519 993 584 similiter
1015 519 1089 584 licet
1111 519 1291 584 etiamnunc

165 621 313 700 divinare,
337 621 488 703 quomodo
511 621 735 704 Harpocration
758 619 857 699 λέξεις
879 629 941 685 τῶν
966 622 1007 686 10
1031 621 1170 707 ῥητόρων
1194 621 1291 687 labri·-

165 724 251 788 catus
283 723 332 789 sit.
390 722 475 803 Quae
499 725 580 788 enim
604 743 627 789 3.
652 744 680 790 ν.
705 723 757 788 ἐπὶ
779 722 959 809 Πρυτανείῳ
979 723 1003 804 ¹)
1035 725 1169 808 legimus
1201 723 1293 787 δικα-

166 825 292 910 στήριόν
308 826 375 889 ἐστι
390 829 463 889 καὶ
485 835 613 891 τοῦτο
637 827 774 911 φονικόν,
800 846 870 893 cum
886 845 993 894 vocem
1008 827 1141 892 ἔπιπλον
1155 847 1293 910 sequan-

144 921 225 1019 tur,
262 947 320 993 non
356 931 587 1012 pernoscuntur,
625 931 686 996 nisi
722 931 1000 1013 Harpocrationem
1035 931 1139 1013 ipsum
1171 931 1293 995 fontem

167 1032 332 1097 secundum
365 1052 466 1097 rerum
499 1033 639 1098 ordinem
670 1033 874 1115 compositum
906 1033 1090 1099 dissecuisse
1121 1035 1152 1098 et
1183 1033 1292 1114 negle-

166 1137 270 1218 gentia
303 1136 381 1200 hanc
412 1136 595 1218 pertitulam
628 1137 729 1201 delere
760 1136 892 1201 oblitum
914 1156 980 1202 esse
1015 1137 1195 1202 conicimus.
1243 1136 1293 1201 Ad

166 1238 303 1320 glossam
326 1238 408 1301 enim
432 1238 484 1301 ἐπὶ
506 1237 691 1322 Παλλαδίῳ,
720 1257 798 1321 quae
822 1239 940 1305 duobus
963 1240 1121 1304 lemmatis
1145 1259 1164 1304 3
1185 1242 1292 1305 nostro

150 1341 233 1404 'loco
256 1339 409 1423 diremptu
432 1343 489 1420 est,
521 1341 601 1406 illud
623 1344 679 1405 καὶ
700 1341 895 1423 referendum
917 1361 985 1408 esse
1016 1343 1119 1408 minus
1149 1342 1294 1408 lubenter

167 1443 342 1508 concedam.
396 1445 440 1508 At
463 1445 545 1527 quod
567 1445 644 1510 talia
666 1445 779 1510 indicia
811 1445 894 1528 opud
914 1445 1192 1528 Harpocratioucm
1214 1465 1293 1528 peu·

168 1548 292 1612 cissima
323 1548 462 1626 exstant,
501 1549 578 1612 mihi
609 1549 788 1615 testimonio
819 1551 886 1629 cst,
923 1551 1004 1613 hunc
1039 1549 1294 1632 lexicographum

168 1650 279 1715 melius
312 1651 421 1715 ceteris
453 1670 579 1717 munere
611 1670 665 1717 suo
699 1652 840 1717 functum
871 1670 938 1717 csse
970 1652 1002 1716 33
1034 1652 1167 1735 vestigia
1197 1651 1294 1716 fontis

169 1753 348 1837 diligentius
364 1755 538 1834 sustulisse,
561 1774 632 1819 cum
647 1757 858 1822 onomasticon
880 1756 961 1822 illud
984 1755 1015 1819 in
1032 1773 1143 1820 norum
1158 1757 1291 1821 formam

170 1858 289 1921 mutare
313 1858 533 1923 constituisset.
1224 1864 1228 1869 '

320 2111 344 2198 ξ
368 2111 406 2178 3.
452 2131 475 2178 3
498 2110 644 2180 lexicis
669 2109 935 2200 Seguerianis
958 2109 995 2177 V
1017 2110 1059 2178 et
1080 2107 1146 2178 lV.
1201 2189 1204 2192 .
1230 2169 1233 2175 .

272 2280 361 2361 uuor
383 2283 500 2347 lexicon
523 2281 745 2366 Seguerienum
768 2283 796 2346 V
819 2282 921 2347 minus
953 2282 1077 2346 strenue
1111 2281 1294 2348 occultando

170 2387 202 2449 33
225 2385 350 2450 celando
383 2405 506 2468 operam
531 2386 625 2464 cedit,
659 2404 719 2451 non
750 2385 978 2459 detrimentum.
1012 2384 1065 2449 sed
1098 2385 1296 2451 commodum

171 2487 258 2553 nobis
282 2489 455 2571 putandum
478 2490 534 2554 333.
579 2488 706 2554 31133333
729 2487 927 2572 πρυτάνεις,
952 2486 1151 2572 πρυτανεία,
1177 2509 1294 2572 πρυτα-

171 2602 257 2656 νεῖα
274 2592 299 2676 ²)
331 2594 414 2658 crrtc
446 2612 504 2657 non
528 2593 594 2671 hoc,
629 2591 683 2657 sed
706 2593 825 2656 inverso
848 2590 963 2668 ordine,
997 2591 1024 2654 si
1055 2591 1124 2673 quis
1155 2591 1296 2656 ordinem

171 2694 347 2760 litterarum
362 2695 522 2760 observare
545 2695 660 2773 studet,
683 2694 779 2759 aliurn
801 2694 856 2757 ulii
879 2692 1073 2775 excipiendas
1096 2711 1163 2758 esse
1186 2712 1242 2775 per
1265 2712 1297 2759 sc

172 2800 226 2881 pat
245 2801 268 2863 t.
322 2800 439 2865 Auctor
469 2800 558 2863 lexici
590 2798 711 2881 Seg.V
744 2816 798 2862 cur
828 2797 966 2864 ordinem
991 2797 1166 2862 litterarum
1188 2797 1297 2864 turbu·

172 2902 261 2978 uerit,
299 2919 371 2966 casu
404 2903 526 2966 tentum
564 2902 646 2966 felici
685 2902 780 2967 schol.
812 2901 933 2966 Platon.
967 2901 1051 2983 legg.
1083 2899 1154 2964 Xll.
1185 2900 1298 2965 9530

173 3004 314 3087 (Ddbner
333 3005 461 3070 11489.
481 3005 533 3087 12)
556 3005 644 3070 nobis
667 3005 798 3087 aperuit.
844 3003 961 3068 Eadem
985 3004 1084 3079 verbe,
1108 3023 1185 3087 quse
1209 3004 1297 3070 nobis

174 3107 391 3171 diversissimis
415 3108 490 3172 locis
518 3108 574 3173 sub
596 3108 698 3173 titulis
722 3107 914 3190 singulorum
946 3106 1128 3187 archontum
1145 3104 1183 3187 ³),
1209 3107 1299 3189 regis

173 3212 231 3276 lex.
255 3210 325 3293 Sug.
344 3211 380 3274 V.
404 3210 543 3290 31314,
568 3211 711 3295 eponymi
735 3211 776 3274 ib.
801 3210 872 3275 199.
889 3211 919 3288 u,
947 3208 1135 3291 polemarchi
1157 3207 1199 3272 ib.
1223 3208 1298 3274 rud.

174 3313 215 3377 27
240 3315 402 3379 occurrunt
442 3316 502 3390 εἷς
534 3322 613 3378 τῶν
645 3313 769 3378 ἐννέα
803 3312 1024 3398 ἀρχόντων
1064 3311 1172 3377 itidem
1204 3313 1299 3399 atque

175 3418 387 3483 additamenta
417 3419 539 3502 glossae
570 3418 621 3482 ἐπὶ
655 3416 806 3502 Δελφινίῳ
837 3418 896 3483 lex.
929 3420 999 3501 θος.
1023 3417 1062 3482 V.
1084 3415 1158 3480 255.
1184 3413 1224 3477 19
1255 3416 1299 3478 ἓν

176 3531 255 3588 τῶν
288 3531 486 3607 φονικῶν,
525 3523 647 3605 glossae
679 3521 711 3585 ἐν
743 3520 902 3605 Φρεαττοῖ
933 3521 991 3587 lex.
1013 3520 1083 3603 Sug.
1107 3520 1146 3584 V.
1169 3517 1244 3584 251.
1268 3519 1298 3583 7.

177 3625 377 3711 δικαστήριόν
400 3625 466 3690 ἐστι
497 3628 569 3688 καὶ
592 3635 719 3688 τοῦτο
749 3623 874 3709 φονικὸν
891 3623 916 3708 ¹⁴)
940 3624 1146 3709 conjecturam
1169 3622 1298 3704 permit·

282 3997 307 4061 1)
327 4012 412 4064 supra
430 4010 455 4062 ρ.
476 3997 516 4048 98.

281 4082 310 4149 ‘ll
329 4097 414 4148 supra
432 4096 457 4148 p.
476 4083 517 4134 89.

282 4171 308 4234 3)
327 4183 413 4234 supra
431 4183 456 4234 p.
475 4169 516 4221 75.

282 4257 309 4320 4)
328 4268 413 4320 supra
431 4269 456 4320 p.
476 4253 517 4306 98.
