2924 4928
737 338 799 401 124

665 429 870 437 ——-

104 614 107 619 ,
206 545 239 607 in
263 544 374 626 quihus
397 544 489 608 rebus
511 542 688 607 enarrandis
711 542 838 619 modo¹p
862 541 994 624 vestigia
1009 541 1122 606 Suidae
1145 539 1229 620 apud
1243 539 1333 604 Psel-

209 648 273 710 lum
306 648 368 729 §9
400 647 639 720 enucleavimus,
673 648 793 725 praeter
823 645 905 710 hunc
936 647 1043 710 auctor
1072 644 1162 708 lexiei
1196 642 1265 725 Seg.
1289 642 1333 706 lV

207 750 292 814 solus
331 768 387 812 una
426 749 530 831 glossa
554 748 712 830 complexe
745 750 802 813 est.
862 747 931 813 Etsi
963 765 1022 811 non
1054 747 1109 821 ita,
1141 747 1177 810 ut
1210 746 1334 822 suidas,

209 851 340 934 exempli
363 852 465 933 gratia
488 870 584 934 pagos
608 851 757 932 quosdam
781 850 897 926 attulit,
920 851 1023 913 tamen
1047 849 1078 911 in
1097 868 1130 912 re
1152 846 1335 929 explicanda

208 974 280 1019 cum
302 954 407 1018 Psello
440 954 593 1037 congruit.
642 953 708 1018 -Sed
739 953 787 1018 his
819 954 937 1018 duobus
963 953 1040 1016 locis
1064 952 1197 1033 exceptis
1219 950 1335 1015 frustra

209 1077 246 1121 ea
277 1075 414 1138 quaeres,
445 1074 523 1138 quae
553 1056 677 1120 libellus
699 1058 769 1140 περὶ
791 1056 885 1119 δικῶν
908 1055 1069 1139 ὀνομάτων
1092 1055 1157 1120 solo
1181 1073 1250 1119 cum
1276 1055 1333 1117 lex.

95 1152 97 1156 ’
186 1161 279 1243 (Seg.
303 1159 357 1224 IV.
381 1159 557 1224 communia
579 1158 701 1223 habeat.
745 1159 910 1224 Praeterea
933 1159 1006 1222 eh‘l
1019 1157 1220 1241 paragraphis
1236 1156 1336 1221 Pselli

210 1263 274 1326 fere
306 1261 470 1327 dimidium
502 1282 519 1325 a
551 1262 699 1343 scriptore
732 1262 821 1325 lerioi
845 1262 889 1326 IV
915 1280 1041 1343 prorsus
1072 1260 1247 1344 neglectum
1279 1260 1335 1325 est.

210 1365 297 1445 Quae
320 1385 389 1430 cum
412 1366 456 1429 ita
479 1366 551 1443 sint,
583 1365 664 1428 hune
698 1367 815 1430 iontem
845 1365 931 1430 illius
960 1365 1055 1429 fuisse
1079 1383 1137 1428 non
1160 1362 1335 1428 concedam.

314 1467 390 1548 Quis
422 1469 504 1533 enim
536 1468 641 1533 credat
672 1469 875 1550 professorem
898 1468 1272 1549 constantinopolitanum
1297 1465 1335 1529 ad

211 1572 269 1637 hoc
299 1571 453 1656 πάρεργον
484 1571 707 1636 conficiendum
742 1573 915 1654 permultos
950 1571 1046 1636 libros
1080 1571 1271 1636 consuluisse
1305 1570 1337 1632 et

212 1675 331 1738 duobus
363 1675 486 1738 tantum
518 1676 594 1740 locis
632 1676 859 1741 conscribendis
896 1694 1010 1740 novum
1048 1693 1124 1756 opus
1160 1674 1336 1738 evolvisse?

216 1778 297 1841 lnter·
326 1778 479 1842 immensa
509 1778 601 1842 huius
633 1779 691 1842 viri
719 1777 870 1860 sturlia2),
902 1796 979 1859 quae
1003 1776 1200 1858 theologiam,
1233 1773 1336 1856 philo·

213 1880 363 1962 sophiam,
396 1879 610 1963 philologiam,
641 1899 744 1948 rerum
776 1881 920 1944 naturam
947 1878 1105 1961 complexa
1128 1879 1209 1949 sunt,
1243 1895 1336 1954 opus·

144 2062 147 2066 Α
210 1983 316 2046 culum
338 1983 490 2058 nostrum,
522 1982 604 2063 quod
631 1982 853 2064 discipulorum
875 1981 1018 2064 precibus
1029 1981 1055 2064 ³)
1078 1981 1188 2045 cedens
1211 1998 1337 2062 compo·

210 2086 283 2161 suit,
307 2085 493 2148 vilissimum
516 2085 690 2167 putandum
714 2087 761 2149 est
784 2103 880 2166 neque
903 2087 1144 2149 consentaneum
1167 2085 1214 2146 est
1232 2083 1262 2146 in
1279 2082 1337 2146 hoe

211 2187 317 2252 libello
340 2187 559 2251 conseribendo
581 2186 715 2250 multum
750 2187 897 2268 temporis
921 2205 1089 2269 operaeque
1118 2187 1336 2267 consumptum

212 2309 287 2354 esse.
341 2290 524 2354 Michaelem
548 2290 688 2354 Psellum
720 2291 824 2372 ipsum
855 2291 917 2355 fere
950 2291 1058 2356 eodem
1089 2291 1180 2356 modo
1212 2290 1249 2354 de
1280 2290 1337 2355 hoc

212 2412 303 2474 opere
320 2391 477 2476 judicasse
509 2395 610 2470 credo,
643 2393 794 2474 quomodo
815 2393 961 2458 Photium
989 2394 1197 2475 patriarcham
1217 2393 1337 2457 lexicon

213 2515 302 2560 suurn
318 2497 356 2560 ad
382 2496 557 2561 litterarum
571 2496 707 2560 ordinerh
724 2498 928 2578 compositum
952 2497 1132 2560 aestimasse
1154 2497 1219 2560 veri
1234 2495 1343 2561 simile·

212 2600 269 2662 est.
307 2597 501 2681 Quamquam
517 2600 614 2677 nohis,
638 2600 814 2682 philologis,
830 2599 889 2663 viri
905 2599 1093 2683 Byzantinus
1111 2599 1222 2662 aetatis
1244 2617 1339 2679 prop·

213 2702 260 2765 ter
281 2702 359 2766 talia
381 2704 575 2784 potissimum
600 2721 692 2784 opera
715 2701 840 2784 plurimi
864 2704 936 2766 sunt
958 2701 1059 2782 pretii,
1092 2703 1172 2765 inter·
1194 2700 1338 2782 aequales

214 2824 311 2885 neque
334 2804 457 2869 Psellus
480 2824 577 2887 neque
599 2805 731 2868 Photius
765 2805 814 2869 his
848 2805 1023 2886 quisquiliis
1045 2803 1177 2886 gloriam
1200 2802 1260 2866 sibi
1281 2821 1338 2883 pe·

214 2911 366 2988 percrunt.
421 2911 528 2992 Itaque
560 2912 735 2988 negandum
767 2915 815 2974 est
844 2910 980 2975 multum
1003 2911 1117 2976 laboris
1144 2911 1174 2974 in
1197 2908 1338 2991 disputa-

213 3012 354 3075 tiuncula
375 3015 445 3095 περὶ
468 3013 563 3077 δικῶν
586 3014 745 3098 ὀνομάτων
768 3015 951 3079 collocatum
976 3034 1053 3090 esse,
1077 3015 1129 3078 sed
1153 3016 1260 3078 eontra
1275 3014 1338 3076 sta-

213 3113 362 3179 tuendum
387 3115 434 3178 est
457 3117 611 3180 auctorem
636 3135 735 3197 pauca
757 3119 879 3182 tantum
902 3117 1068 3191 volumina,
1099 3134 1177 3199 quae
1211 3115 1336 3180 adrem

214 3217 402 3297 propositam
426 3219 494 3281 usui
519 3237 585 3283 esse
600 3218 778 3282 viderentur
800 3237 937 3300 quaeque
960 3221 989 3280 ei
1011 3219 1041 3281 in
1064 3219 1208 3300 promptu
1224 3218 1336 3291 essent,

215 3318 345 3401 legendo
368 3320 556 3385 contrivisse.
610 3320 670 3401 Qui
693 3322 752 3384 nisi
776 3321 898 3386 disertis
922 3321 1024 3385 verbis
1047 3323 1077 3386 in
1101 3321 1158 3385 lroo
1181 3321 1274 3393 tonte,
1307 3320 1339 3382 id

215 3421 297 3502 quod
329 3441 397 3486 curu
421 3423 589 3488 Aristotele
611 3424 728 3488 lactum
751 3443 817 3489 esse
839 3425 969 3501 ostendi,
996 3424 1073 3507 legit
1095 3424 1136 3500 ὡς
1158 3422 1338 3507 Ἀριστοτέ-

216 3525 275 3611 λης
293 3520 345 3590 'rel
369 3527 491 3606 similia,
517 3531 595 3594 alios
618 3531 757 3593 auctores
780 3529 948 3594 contulisse
972 3548 1031 3592 nou
1056 3530 1139 3610 puto.
1186 3568 1191 3573 ·

319 3632 363 3694 At
387 3631 629 3710 Wilemowitz⁴)
654 3631 791 3695 Psellum
823 3632 966 3695 clericis
989 3630 1148 3695 rhetoricis
1172 3648 1340 3710 eorumque

215 3733 470 3814 explicationibus
493 3735 615 3798 usitatis
638 3733 771 3816 pendere
795 3734 935 3817 denegat,
959 3754 1049 3817 quam
1070 3736 1186 3799 obrem
1204 3732 1339 3815 diligen·

386 4050 391 4060 .
411 4011 423 4059 l
444 4010 467 4059 9.

320 4011 348 4159 ii
365 4023 400 4147 lei.
419 4011 620 4159 lirumhacher,
639 4094 781 4161 byzantia.
800 4095 1051 4161 laetereturgesen.
1070 4111 1095 4163 p.
1116 4095 1166 4148 174
1184 4109 1224 4161 sq.

320 4181 347 4326 ii
367 4179 384 4318 i
403 4184 427 4318 ll.
439 4266 458 4318 l.
477 4281 502 4332 p.
521 4265 579 4320 293.
