2924 4928
677 402 681 409 .
717 344 762 408 VI

184 549 324 614 accessit.
370 546 425 613 Cui
449 567 519 613 cnm
542 566 601 612 non
626 567 731 613 omnes
754 548 877 632 glossae
902 548 1087 613 simulante
1110 549 1309 614 oculosver·

184 653 268 716 satae
291 652 394 716 essent
415 669 512 734 neque
535 650 615 714 hanc
637 650 825 732 peculiarem
849 651 1060 732 quaestionem
1081 651 1212 715 tractare
1235 669 1309 734 pro·

183 756 319 837 positum
342 754 433 831 esset,
465 772 530 818 ram
561 753 638 817 hene
660 753 836 819 incohatam
859 772 955 837 usque
984 753 1137 819 adfinem
1161 754 1197 818 ut
1217 771 1309 835 pera·

182 858 278 940 geret,
303 876 363 922 non
379 855 518 938 contigit.
551 856 760 921 Wilamonitz
772 855 799 940 ¹)
824 856 955 940 deniquo
971 856 1171 939 sagacissime
1187 856 1219 920 et
1234 873 1307 920 con-

183 959 288 1024 silium
325 960 357 1024 et
391 959 490 1024 fontes
528 961 559 1023 at
595 960 812 1024 anctoritatem
852 960 948 1026 totius
988 959 1089 1043 operis
1127 959 1307 1024 Aristotelei

181 1063 391 1146 perscrutatus
414 1063 471 1127 est.
516 1061 624 1145 Neque
649 1063 765 1145 opiam,
801 1082 877 1147 quas
901 1063 1070 1129 sententias
1092 1062 1140 1127 vir
1163 1061 1307 1126 doctissi-

181 1184 251 1232 mus
273 1165 311 1229 de
333 1165 432 1247 priore
454 1168 543 1247 parte
566 1165 739 1246 protulerit,
771 1164 954 1232 labetactari
976 1185 1075 1248 posse.
1119 1165 1180 1231 Sed
1203 1165 1308 1230 studio

181 1267 322 1333 Atthidis
344 1268 429 1331 illius
453 1287 489 1332 ex
511 1269 680 1334 Aristotele
703 1268 911 1334 rest'tuendae
927 1269 1075 1335 incitatus
1091 1269 1148 1346 est,
1171 1269 1206 1334 ut
1227 1268 1308 1332 hano

181 1370 264 1436 ultra
285 1370 361 1436 fines
383 1369 547 1454 indagaret
569 1374 660 1455 atque
680 1373 774 1437 etiam
790 1374 821 1437 in
838 1373 1006 1455 posteriore
1025 1372 1112 1455 parte
1126 1371 1304 1454 requireret.

182 1474 239 1539 Cui
269 1474 406 1556 opinioni
437 1492 507 1539 cum
539 1474 681 1556 equidem
704 1477 845 1540 assentiri
872 1494 932 1540 non
955 1476 1082 1560 possim,
1113 1475 1268 1541 Sohdffero
1280 1474 1306 1557 ²)

181 1597 241 1641 non
264 1577 440 1656 concedam,
464 1577 703 1658 disputationem
724 1578 761 1644 de
783 1581 910 1658 ratione,
934 1599 1011 1663 quae
1033 1578 1204 1643 intercedat
1226 1577 1308 1641 inter

181 1681 382 1746 Aristotelem
413 1683 444 1744 ot
475 1679 706 1763 lexicographos
729 1700 866 1764 graecos,
889 1683 1067 1747 inst'tutam
1090 1679 1214 1763 majoris
1238 1698 1307 1743 esse

180 1783 331 1863 momenti
352 1782 392 1846 ad
413 1781 468 1846 hos
491 1782 716 1864 pernoscendos
739 1803 832 1866 qnam
854 1784 895 1848 ad
916 1783 1018 1848 illum.
1062 1783 1096 1849 Si
1121 1784 1204 1847 enim
1235 1800 1306 1846 sen·

179 1886 278 1950 tentia
309 1885 599 1964 Wilamowitziana
637 1887 840 1952 Aristotelem
870 1888 901 1951 ln
935 1887 1034 1952 altera
1066 1905 1185 1970 quoque
1218 1886 1306 1967 parte

180 1989 259 2054 libro
281 1988 394 2053 litteris
426 1989 509 2054 edito
533 2008 625 2055 usum
646 2009 722 2069 esse,
755 1994 837 2056 stare
868 2010 927 2056 non
950 1990 1050 2072 possit
1071 1992 1103 2055 et
1124 2008 1231 2054 verum
1253 1989 1304 2064 sit,

181 2093 336 2156 auctorem
358 2092 398 2156 ad
419 2092 519 2156 fontes
549 2093 775 2175 integerrimos,
806 2094 891 2177 leges
922 2094 1015 2176 ipsae,
1048 2111 1213 2172 recurrere,
1246 2091 1306 2156 hoc

180 2195 294 2260 summi
316 2213 382 2258 esse
414 2197 563 2261 momenti
594 2196 634 2260 ad
656 2196 874 2262 auctoritatem
898 2195 1039 2279 opusculi
1065 2195 1150 2279 juste
1173 2212 1303 2278 perpen-

181 2297 314 2362 dendam
336 2316 426 2362 nemo
448 2298 505 2376 ast,
537 2299 591 2381 qui
622 2298 752 2380 ignoret.
797 2287 914 2364 Eadem
936 2298 1109 2366 observatio
1136 2297 1219 2362 haud
1241 2296 1306 2360 scio

180 2418 218 2463 an
250 2397 382 2482 adjuvet,
415 2399 451 2463 ut
482 2402 621 2466 contorta
650 2401 708 2466 illa
730 2401 767 2466 de
791 2402 927 2467 lontibus
949 2400 1097 2478 Pollucis,
1129 2400 1306 2480 Harpocra-

178 2502 294 2582 tionis‚
329 2502 496 2568 lexicorum
533 2504 721 2570 rhaticorum
758 2507 897 2587 quaestio
934 2504 1109 2589 paullulum
1147 2503 1302 2568 enodetur.

179 2605 371 2702 Quicumque
394 2608 476 2672 enim
500 2608 630 2674 antehac
653 2609 713 2672 sihi
735 2608 790 2673 has
813 2628 861 2673 res
883 2608 1103 2692 perquirendas
1125 2606 1304 2689 elegerunt:

179 2709 382 2796 Stojentin³),
415 2711 583 2795 Bopsen‘)‚
616 2711 747 2796 Cohn⁶)‚
781 2713 844 2792 alii,
876 2712 933 2778 hoc
960 2711 1094 2794 pretioso
1118 2727 1196 2775 novo
1219 2708 1303 2774 fonte

179 2814 349 2879 etiamtunc
371 2814 513 2897 agebant.
556 2815 664 2899 Itaque
690 2835 767 2898 qnae
791 2817 885 2881 luerit
902 2815 994 2880 huius
1016 2815 1111 2879 fontis
1133 2812 1302 2877 auctoritas

178 2915 260 2997 apud
289 2918 426 2998 posteros
457 2918 630 3001 scriptores,
667 2919 806 2984 divinare
839 2920 961 2984 tantum
991 2918 1144 3000 poterant.
1208 2916 1302 2978 Nunc

178 3020 315 3101 apparet,
353 3020 533 3085 Aristotelis
570 3022 806 3104 Rempublicam
844 3021 1080 3087 Atheniensium
1121 3018 1303 3104 diligentius

177 3121 360 3187 lect'tatam·
374 3123 406 3186 et
426 3121 521 3188 latius
544 3126 758 3209 pervulgatam
789 3125 885 3191 fuisse
909 3143 1002 3209 quem
1025 3123 1187 3207 quisquam
1209 3122 1301 3206 puta·

177 3227 234 3290 ret.
279 3224 363 3303 Quae
385 3226 551 3309 postquam
573 3228 786 3308 animadverti,
810 3228 877 3311 jam
900 3228 1007 3293 statim
1030 3226 1107 3291 mihi
1128 3226 1208 3290 hanc
1230 3238 1301 3306 pro-

178 3329 310 3393 vinciam
347 3329 469 3410 seposui
506 3330 537 3394 et
574 3329 606 3393 in
639 3349 704 3394 rem
735 3331 943 3413 pertrioatam
981 3328 1131 3410 quantum
1168 3344 1300 3407 possem,

177 3431 337 3514 penetrare
364 3430 479 3495 studui.
539 3429 605 3511 Quo
639 3433 718 3496 lacto
754 3433 883 3515 cognovi
905 3451 923 3496 a
947 3428 1136 3513 Scholl'orol)
1167 3427 1300 3492 similem

179 3607 435 3614 ..--—...·—-——.

280 3724 306 3782 1)
334 3721 502 3776 Aristoteles
520 3723 578 3776 und
596 3722 687 3777 Athen
706 3721 725 3775 Ι.
744 3721 776 3774 ll.
796 3721 870 3775 Berl.
890 3722 964 3776 1893.

278 3790 304 3850 2)
332 3790 414 3844 Burs.
433 3790 528 3844 Jhber.
549 3791 624 3846 1895.
659 3791 709 3844 Bd.
729 3792 769 3843 83.
789 3806 814 3858 p.
833 3792 892 3844 220.

176 3859 680 3983 enarrar3d&gahltldiriitgttdssuclilsratiildl
693 3859 814 3982 111181171ὲο8
841 3860 1057 3917 Atheniensium
1085 3860 1302 3927 antiquitatibus

277 4000 305 4056 4)
333 3998 375 4050 De
392 3971 623 4064 Harpocrationis
642 3997 728 4050 lexiei
745 3997 871 4052 fontibus
892 3999 1075 4065 quaestiones
1102 3997 1226 4051 selectae
1252 3997 1298 4049 in:

158 4045 316 4118 'Schriften
332 4066 381 4118 der
393 4065 570 4119 Universittt
583 4080 619 4119 zu
631 4065 696 4119 Kiel
709 4081 733 4120 a.
751 4067 776 4120 d.
789 4066 877 4120 delire
891 4067 957 4120 1876
970 4067 1020 4120 Bd.
1033 4064 1133 4120 XXIH.
1146 4065 1210 4118 Kiel
1224 4065 1291 4118 1877
1294 4106 1299 4117 .

278 4135 307 4200 5)
336 4133 589 4201 Untersuchungen
615 4134 687 4188 iiber
713 4135 758 4189 die
781 4135 899 4200 Quellen
928 4135 979 4189 der
1004 4133 1229 4189 Plato-Scholion
1252 4134 1298 4186 in:

175 4202 291 4256 Jahrbh.
310 4201 327 4254 f.
348 4203 429 4256 class,
448 4201 548 4255 Philol.
568 4203 662 4270 Suppl.
680 4203 730 4256 Bd.
749 4202 822 4257 XIII.
842 4204 918 4258 1884.
936 4218 961 4271 p.
980 4202 1039 4258 826,
1231 4207 1234 4215 ’

278 4271 306 4336 (i)
334 4271 415 4324 Burs.
434 4271 528 4324 dhber.
550 4272 624 4327 1895,
660 4271 710 4325 Bd.
728 4273 770 4326 83.
788 4288 813 4340 p.
832 4273 891 4326 220.
