2924 4928
695 265 757 328 135

161 470 254 552 atque
284 470 459 552 opinionem
492 489 605 544 meam,
637 470 797 535 Pollucem
829 470 1080 535 distributionem
1107 470 1282 552 argumenti

159 572 335 636 1111111111
362 572 528 655 Pamphilo
561 573 671 638 debere
702 573 786 638 haud
817 573 880 638 seio
912 592 950 636 an
981 572 1139 654 aliquanto
1169 573 1281 654 proba·

160 676 301 740 hiliorem
325 675 442 740 reddat.
496 675 585 756 Quod
608 678 713 741 autem
735 675 847 740 Pollux
870 675 1062 758 Poenosque,
1092 675 1151 740 hoo
1173 677 1229 753 est,
1254 676 1281 740 si

159 779 217 844 tibi
239 780 454 860 persuaserim,
480 780 663 863 Pamphilus
687 777 899 860 Vestinusque
921 778 1093 860 depravat-i,
1116 777 1278 842 minimum

160 882 242 946 inter
264 900 332 946 seso
355 881 569 947 similitudinis
593 881 768 960 ostendunt,
792 881 869 945 mihi
888 881 1070 946 documento
1093 881 1141 946 est
1163 881 1201 945 ab
1224 880 1280 946 ho-

161 985 294 1050 minihus
318 1003 389 1049 oum
411 984 568 1050 Romanae
590 987 658 1051 tum
681 985 869 1068 Byzantinae
892 983 1003 1050 aetatis
1025 984 1141 1048 iontem
1164 1003 1182 1047 a
1204 1001 1280 1065 quo-

160 1106 219 1169 qne
250 1105 340 1152 suum
372 1087 438 1153 sine
469 1086 535 1152 ulla
565 1088 715 1169 religione
746 1106 840 1170 quam
871 1089 1003 1151 maxime
1034 1087 1178 1151 vexatum
1204 1104 1279 1150 esse.

160 1189 329 1255 Attamen
352 1209 449 1254 unum
472 1191 582 1256 saltem
604 1191 716 1267 locum,
749 1191 913 1272 parvulum
935 1189 1026 1256 illum
1057 1189 1190 1272 quidem,
1222 1189 1280 1253 tibi

160 1294 267 1358 offerre
289 1311 425 1375 possum,
449 1293 503 1358 ubi
525 1295 652 1377 antiqua
676 1293 893 1375 Aristophanis
919 1293 1119 1357 Alexandrini
1142 1292 1281 1357 doctrina

159 1416 214 1479 per
234 1396 282 1461 tot
303 1396 425 1461 saecula
457 1414 553 1478 usque
584 1397 622 1462 ad
646 1397 830 1461 Michaelem
853 1396 994 1461 Psellum
1017 1397 1137 1479 integra
1159 1413 1281 1460 conser-

157 1497 230 1562 vata
261 1500 320 1577 est,
354 1499 391 1564 de
423 1499 699 1582 significationibus
731 1517 840 1565 vocum
863 1498 966 1584 τήθη,
991 1498 1097 1584 τηθίς,
1123 1496 1277 1581 onemo.

65 1703 205 1771 Euslalh.
219 1705 245 1782 ¹)
273 1705 350 1771 Ειιο.
384 1704 475 1770 Arist.
528 1707 647 1772 Pollux.
712 1708 788 1772 hex.
812 1708 888 1790 Sep.
983 1708 1108 1773 Suidas.
1177 1707 1380 1773 Michl’selt.

287 1791 339 1959 eg.
363 1792 467 1942 ἑῆείιΙοι·
1234 1793 1252 1874 §
1274 1793 1327 1859 42.

1177 2049 1265 2135 τήθη
1325 2051 1380 2112 καὶ

1176 2152 1302 2238 τηθίςῖ)
1322 2155 1378 2216 καὶ

1193 2256 1356 2341 sarepta·

1175 2357 1244 2441 τρία
1278 2368 1378 2421 ταῦτα

1205 2461 1345 2545 ὀνόματα

1175 2563 1247 2629 κατ’
1260 2563 1380 2649 ἰσαρίθ-

1176 2689 1240 2752 μων
1258 2669 1379 2751 προσώ-

1174 2793 1241 2836 πων
1289 2770 1380 2856 leud-

1176 2895 1268 2960 μενοι·
1293 2874 1378 2959 πλὴν

1174 2978 1308 3064 hadde]
1328 2999 1379 3041 το·

1175 3092 1286 3146 σοῦτον
1320 3083 1378 3167 ἀμ-

54 3178 257 3262 1-316101
519 3187 567 3252 ιιι.
593 3188 643 3252 ιι.
711 3185 757 3250 ιιι.
779 3186 847 3253 ma.
869 3189 912 3249 ss
942 3209 969 3254 s.
998 3208 1025 3254 ι.
1057 3187 1147 3274 epp
1175 3195 1245 3268 eea
1292 3184 1380 3270 etor-

707 3292 914 3356 =v.aou.2u.
974 3318 1011 3348 =
1037 3292 1126 3355 Phot.
1175 3289 1292 3353 λακται
1333 3290 1380 3352 ὅτι

52 3387 141 3474 τήθη
165 3389 357 3477 proterite
420 3392 505 3476 καὶὴ
522 3392 556 3455 δὲ
574 3394 690 3476 πατρὸς
709 3392 819 3477 τήθη·
855 3413 914 3454 πα·
1174 3395 1229 3455 καὶ
1248 3393 1305 3476 τὴν
1320 3413 1379 3476 μη-

51 3494 167 3575 ossele
198 3492 380 3580 μή-μάμμη
420 3498 474 3559 καὶ
504 3496 526 3579 l
553 3498 669 3580 μητρὸς
709 3498 779 3580 epu
808 3496 830 3579 1
856 3518 914 3582 μι-
955 3495 1066 3581 μάμμη
1112 3496 1133 3580 t
1175 3494 1382 3580 τέιμμαὶτὴν

257 3852 286 3915 1)
305 3854 486 3908 Eustathium
504 3855 580 3921 ipsas
599 3852 688 3913 λέξεις
703 3852 925 3920 Aristophaneus
953 3855 988 3908 ad
1015 3868 1116 3909 manus
1141 3854 1275 3908 habuisse

154 3940 297 4006 excerptis
316 3937 463 4003 aMillero,
481 3939 542 3993 Mel.
563 3940 597 3993 de
614 3939 643 3994 la
660 3938 713 3993 litt.
732 3952 855 4006 greoque
872 3954 898 4006 p.
912 3938 1051 3993 427-434
1069 3940 1169 3994 elihro
1182 3938 1275 3993 Athoo

152 4024 236 4078 editis
255 4025 376 4088 constat,
395 4025 428 4078 of.
448 4024 534 4088 Cohn,
553 4024 635 4079 thb.
654 4025 672 4078 f.
691 4024 791 4078 Philol.
810 4023 870 4077 Xll.
889 4037 915 4092 p.
934 4024 993 4079 287.

254 4112 283 4176 2)
301 4110 411 4178 Migne:
432 4111 522 4169 τιτθίς.

255 4195 281 4263 3)
301 4197 334 4251 of.
354 4210 380 4264 p.
399 4196 458 4252 565.
477 4197 518 4261 30,
537 4197 595 4251 911.
614 4196 657 4260 26,
675 4197 718 4250 35.
