2924 4928
683 331 726 396 60

142 538 181 619 ἕξ
204 536 330 599 85-91
356 539 515 620 apparent.
557 538 637 602 Turn
661 538 767 602 eontra
790 536 871 620 apud
892 537 951 601 lex.
976 535 1073 614 Cant,
1098 535 1150 616 qui
1174 536 1272 601 solius

143 638 234 723 κυρία
257 638 416 726 ἐκκλησία
439 641 591 706 rationem
616 641 718 718 habet,
752 640 851 705 multa
874 641 955 718 sunt,
982 659 1059 721 quae
1081 640 1113 702 in
1137 639 1272 720 epitome

144 742 291 808 Pollueoa
322 742 544 810 desiderantur.
596 744 709 809 Totam
744 744 825 807 enim
861 743 899 808 de
937 743 1024 807 serta
1061 742 1205 824 prytania
1241 752 1273 808 ot

142 845 322 910 ostraoismo
353 847 565 926 quaestionem
588 846 639 910 hic
661 845 774 923 omisit,
813 845 869 908 ille
893 845 1161 910 commemoravit.
1207 844 1273 909 De·

142 947 250 1029 nique,
283 966 360 1030 quae
382 948 493 1014 Pollux
525 950 608 1015 ultra
632 949 833 1014 Aristotelem
867 949 979 1027 habet,
1010 948 1043 1012 in
1077 947 1136 1013 lor.
1171 946 1270 1025 Cant,

145 1069 223 1132 quae
252 1050 303 1116 hic
332 1051 494 1117 Aristoteli
523 1053 625 1118 aliena
655 1053 737 1131 sunt,
768 1052 834 1116 illio
867 1070 928 1116 non
961 1051 1105 1136 legimus.
1171 1049 1272 1129 Quam

144 1152 269 1219 obrem
301 1173 386 1220 moro
417 1156 502 1220 casui
528 1156 725 1222 tribuendum
749 1155 819 1234 erit,
855 1155 961 1220 ambos
995 1162 1057 1217 τῶν
1089 1152 1272 1237 ἐπικλήρων

145 1256 257 1323 oblitos
280 1275 355 1324 esse.

246 1378 264 1458 ξ
286 1376 328 1440 97
352 1376 503 1460 Stojentin
516 1377 540 1461 ¹)
564 1380 790 1462 transponendo
814 1379 929 1445 mederi
945 1380 1073 1444 conatus
1088 1378 1145 1441 est.
1188 1376 1271 1440 Nam

144 1478 312 1544 colacretas
335 1500 388 1562 pro
413 1480 570 1563 apodectis
593 1502 611 1546 a
634 1482 789 1548 Clisthene
813 1482 974 1546 institutos
997 1481 1028 1545 et
1050 1480 1129 1544 hanc
1151 1499 1217 1544 rem
1240 1479 1272 1542 in

144 1581 274 1647 Atthide
290 1583 490 1648 Androtionis
502 1583 526 1665 ²)
551 1587 707 1649 narratam
733 1603 799 1650 esse
822 1585 956 1649 constat.
998 1582 1083 1662 Quae
1107 1581 1273 1664 Stojentini

79 1723 81 1728 ·
144 1685 221 1749 ratio
246 1705 337 1764 nuno,
369 1686 533 1768 postquam
556 1707 605 1751 ars
628 1687 776 1752 Polluces
799 1686 992 1751 manifestior
1015 1685 1097 1767 tacta
1120 1685 1177 1762 est,
1200 1703 1273 1766 pro-

145 1787 291 1851 horinon
317 1790 428 1870 potest.
473 1788 638 1853 Praeterea
669 1809 705 1854 ex
737 1791 832 1855 altero
865 1789 1038 1871 fragmento
1062 1785 1272 1850 Androtioneo

146 1889 176 1953 in
212 1890 307 1955 schol.
338 1892 393 1955 Ar.
425 1893 482 1957 Av.
517 1892 597 1955 1541
632 1894 752 1958 servato
787 1892 1001 1977 cognoscimus
1033 1890 1200 1956 colaeretas
1233 1889 1273 1953 ab

146 1992 203 2056 hoc
226 1993 474 2076 Atthidographo
506 2012 580 2059 uoce
608 1993 716 2078 ταμίαι
748 1995 915 2076 explicatos
949 2011 1027 2058 esse.
1081 1990 1180 2070 Quare
1203 2010 1272 2073 per-

147 2097 248 2161 motus
270 2095 382 2161 Pollux
405 2097 571 2162 colacretas
596 2117 666 2162 eum
700 2097 823 2182 ταμίαις
856 2097 1040 2181 conjungere
1071 2094 1180 2178 potuit,
1214 2095 1274 2158 etsi

147 2197 347 2282 κωλακρέται
370 2200 401 2264 et
424 2199 530 2285 ταμίαι
554 2210 610 2284 τῆς
633 2201 711 2265 θεοῦ
734 2220 794 2265 non
819 2202 919 2282 magis
942 2200 1023 2265 inter
1045 2217 1111 2264 sese
1128 2198 1273 2263 couveni-

82 2287 86 2293 ’
147 2302 202 2365 unt
225 2321 317 2384 quam
340 2303 556 2388 νομοφύλακες
579 2305 610 2369 et
632 2304 746 2368 ἕνδεκα
769 2306 787 2387 θ
814 2303 884 2368 102.
930 2303 1063 2367 Necesse
1087 2302 1169 2367 enim
1192 2318 1274 2365 nunc

148 2405 212 2480 est,
244 2405 280 2470 ut
309 2405 386 2470 talia
418 2406 494 2472 vitia
526 2425 562 2471 ox
592 2407 690 2488 ipsius
723 2409 857 2472 auctoris
891 2405 992 2470 indole
1024 2403 1273 2486 interpretemur,

148 2508 241 2573 nullis
274 2509 406 2573 externis
438 2509 538 2600 causis
570 2510 684 2574 auxilio
716 2511 853 2574 adscitis
897 2509 1086 2591 Incipiamus
1109 2526 1127 2571 a
1150 2505 1275 2591 ταμίαις

147 2619 204 2695 τῆς
226 2612 314 2676 θεοῦ.
361 2613 430 2679 Νοο
455 2614 554 2678 solum
567 2613 689 2692 Pollux,
713 2613 767 2679 sed
790 2614 884 2677 ctiam
907 2612 965 2677 lex.
989 2612 1059 2695 Seg.
1083 2610 1119 2674 V.
1145 2609 1221 2673 306.
1241 2609 1272 2672 7.

147 2714 349 2780 Aristotelem
372 2716 424 2781 47.
450 2718 466 2779 1
501 2718 599 2783 secuti
630 2719 712 2783 sunt.
768 2717 867 2799 Harp.
892 2736 915 2783 s.
938 2736 966 2780 v.
991 2713 1098 2800 ταμίαι
1122 2741 1161 2770 =
1187 2713 1273 2789 Suid.

147 2835 172 2885 s.
195 2837 223 2882 r.
247 2819 352 2902 glossa
376 2821 392 2882 1
417 2820 448 2883 et
470 2820 561 2884 Phot.
586 2839 610 2885 s.
634 2839 663 2886 v.
688 2848 726 2875 =
760 2819 845 2884 Suid.
870 2839 894 2883 s.
918 2839 946 2883 v.
979 2819 1083 2902 glossa
1113 2816 1133 2879 ·2
1165 2816 1272 2880 eadem

147 2922 304 3003 praebent,
337 2921 389 2986 sed
421 2922 515 3001 priori
549 2925 654 3006 generi
677 2931 796 3007 ταμιῶν
819 2922 927 2987 statim
951 2922 1084 2986 alterum
1106 2919 1275 2984 adnectunt

147 3025 180 3088 in
205 3026 287 3089 iente
309 3024 478 3089 Aristotele
501 3025 553 3088 61.
577 3026 596 3089 7
619 3026 861 3107 perseverantes.
900 3023 984 3103 Quae
1007 3023 1088 3104 apud
1113 3020 1274 3086 Pollucem

149 3127 327 3208 sequuntur,
350 3126 534 3192 Androtioni
556 3127 710 3193 reddenda
742 3127 823 3192 sunt.
868 3126 945 3191 Post
967 3124 1189 3190 Androtionem
1214 3123 1274 3188 ali-

149 3247 209 3311 qua
231 3248 266 3294 er
288 3229 376 3312 parte
408 3231 440 3293 in
462 3230 554 3294 huius
577 3231 678 3296 verbis
701 3231 803 3295 nisum
828 3229 1067 3311 Aristophanem
1090 3226 1274 3309 grammati-

149 3352 219 3398 cum
241 3333 309 3398 voci
332 3331 532 3416 κωλακρὲται
559 3334 767 3416 explanandae
791 3352 914 3414 operam
938 3332 1059 3396 dedisse
1082 3327 1272 3408 audirnus³t

149 3435 242 3502 Curius
257 3437 324 3500 uiri
346 3436 429 3502 docti
444 3437 656 3519 interpretatio
679 3437 728 3502 his
744 3437 848 3502 verbis
864 3435 1091 3501 continebatur:
1116 3432 1144 3497 σί
1167 3431 1274 3496 κιολα-

149 3538 257 3623 κρέται
290 3540 349 3603 εἰσὶ
380 3538 491 3624 ταμίαι
523 3548 577 3603 τοῦ
609 3538 793 3602 δικαστικοῦ
827 3538 942 3624 μισθοῦ
975 3538 1030 3600 καὶ
1052 3537 1093 3598 τὰ
1115 3534 1157 3609 εἰς
1179 3533 1275 3608 θεοὺς

148 3641 381 3728 ἀναλισκόμενα
403 3642 454 3705 διὰ
477 3641 595 3705 τούτων
618 3640 821 3725 ἀνηλίσκετο.
862 3639 1053 3720 Quicumque
1068 3636 1176 3719 postea
1192 3634 1275 3698 hunc

149 3745 366 3828 magistratum
390 3747 629 3810 commemorant
657 3743 790 3826 exceptis
814 3742 1057 3825 Harpocratione
1081 3740 1113 3804 et
1135 3737 1273 3811 Polluce,

251 4089 281 4240 dd
297 4091 500 4243 ddalrpdddrladion
518 4189 540 4228 S.
559 4189 585 4228 v.
612 4174 761 4238 ἀποδέκται.

252 4259 277 4327 3)
297 4260 388 4316 Schol.
408 4261 453 4314 Ar.
473 4261 522 4314 Au.
544 4260 617 4316 1541.
