<?xml version="1.0" encoding="UTF-8"?>
<!DOCTYPE html PUBLIC "-//W3C//DTD XHTML 1.0 Transitional//EN"
    "http://www.w3.org/TR/xhtml1/DTD/xhtml1-transitional.dtd">
<html xmlns="http://www.w3.org/1999/xhtml" xml:lang="en" lang="en">
 <head>
  <title>
</title>
<meta http-equiv="Content-Type" content="text/html;charset=utf-8" />
  <meta name='ocr-system' content='tesseract 3.04.00' />
  <meta name='ocr-capabilities' content='ocr_page ocr_carea ocr_par ocr_line ocrx_word'/>
</head>
<body>
  <div class='ocr_page' id='page_1' title='image "./dearistotelispo00bursgoog_0055.png"; bbox 0 0 2924 4928; ppageno 0'>
   <div class='ocr_carea' id='block_1_1' title="bbox 643 349 848 447">
    <p class='ocr_par' dir='ltr' id='par_1_1' title="bbox 643 349 848 447">
     <span class='ocr_line' id='line_1_1' title="bbox 643 349 848 447; baseline -0.01 0"><span class='ocrx_word' id='word_1_1' title='bbox 643 349 848 447; x_wconf 47' lang='lat' dir='ltr'>A-</span> 
     </span>
    </p>
   </div>
   <div class='ocr_carea' id='block_1_2' title="bbox 182 553 1314 1774">
    <p class='ocr_par' dir='ltr' id='par_1_2' title="bbox 182 553 1314 1774">
     <span class='ocr_line' id='line_1_2' title="bbox 182 553 1310 639; baseline -0.001 -20"><span class='ocrx_word' id='word_1_2' title='bbox 182 574 301 639; x_wconf 82' lang='lat' dir='ltr'>papyro</span> <span class='ocrx_word' id='word_1_3' title='bbox 333 556 525 638; x_wconf 88' lang='lat' dir='ltr'>aliquantum</span> <span class='ocrx_word' id='word_1_4' title='bbox 560 555 708 620; x_wconf 80' lang='lat' dir='ltr'>excidisse</span> <span class='ocrx_word' id='word_1_5' title='bbox 740 555 909 620; x_wconf 77' lang='lat' dir='ltr'><strong>credamus.</strong></span> <span class='ocrx_word' id='word_1_6' title='bbox 963 553 1043 617; x_wconf 84' lang='lat' dir='ltr'>Tum</span> <span class='ocrx_word' id='word_1_7' title='bbox 1073 553 1172 633; x_wconf 87' lang='lat' dir='ltr'>inira,</span> <span class='ocrx_word' id='word_1_8' title='bbox 1208 572 1310 636; x_wconf 90' lang='lat' dir='ltr'>spero,</span> 
     </span>
     <span class='ocr_line' id='line_1_3' title="bbox 184 656 1312 741; baseline -0.003 -17"><span class='ocrx_word' id='word_1_9' title='bbox 184 659 263 724; x_wconf 86' lang='lat' dir='ltr'>ratio</span> <span class='ocrx_word' id='word_1_10' title='bbox 285 658 373 723; x_wconf 82' lang='lat' dir='ltr'>uelde</span> <span class='ocrx_word' id='word_1_11' title='bbox 397 659 574 741; x_wconf 88' lang='lat' dir='ltr'>probabilis,</span> <span class='ocrx_word' id='word_1_12' title='bbox 600 677 668 723; x_wconf 87' lang='lat' dir='ltr'>mea</span> <span class='ocrx_word' id='word_1_13' title='bbox 692 658 815 740; x_wconf 93' lang='lat' dir='ltr'>quidem</span> <span class='ocrx_word' id='word_1_14' title='bbox 832 657 995 735; x_wconf 80' lang='lat' dir='ltr'>sententia,</span> <span class='ocrx_word' id='word_1_15' title='bbox 1018 657 1100 721; x_wconf 89' lang='lat' dir='ltr'>unde</span> <span class='ocrx_word' id='word_1_16' title='bbox 1124 658 1155 721; x_wconf 88' lang='lat' dir='ltr'>et</span> <span class='ocrx_word' id='word_1_17' title='bbox 1170 656 1312 722; x_wconf 82' lang='lat' dir='ltr'>Pollucis</span> 
     </span>
     <span class='ocr_line' id='line_1_4' title="bbox 183 758 1310 843; baseline -0.005 -15"><span class='ocrx_word' id='word_1_18' title='bbox 183 764 216 828; x_wconf 91' lang='lat' dir='ltr'>et</span> <span class='ocrx_word' id='word_1_19' title='bbox 248 762 334 827; x_wconf 90' lang='lat' dir='ltr'>lexici</span> <span class='ocrx_word' id='word_1_20' title='bbox 359 761 620 843; x_wconf 82' lang='lat' dir='ltr'>Cantabrigiensis</span> <span class='ocrx_word' id='word_1_21' title='bbox 652 761 865 826; x_wconf 87' lang='lat' dir='ltr'>additamenta</span> <span class='ocrx_word' id='word_1_22' title='bbox 896 758 1046 825; x_wconf 85' lang='lat' dir='ltr'>facillime</span> <span class='ocrx_word' id='word_1_23' title='bbox 1077 758 1310 842; x_wconf 75' lang='lat' dir='ltr'>intellegantur,</span> 
     </span>
     <span class='ocr_line' id='line_1_5' title="bbox 184 863 1311 946; baseline -0.006 -15"><span class='ocrx_word' id='word_1_24' title='bbox 184 867 351 932; x_wconf 86' lang='lat' dir='ltr'>evincetur.</span> <span class='ocrx_word' id='word_1_25' title='bbox 406 866 450 930; x_wconf 89' lang='lat' dir='ltr'>At</span> <span class='ocrx_word' id='word_1_26' title='bbox 480 866 538 930; x_wconf 89' lang='lat' dir='ltr'>hoc</span> <span class='ocrx_word' id='word_1_27' title='bbox 573 865 719 930; x_wconf 90' lang='lat' dir='ltr'>alimine</span> <span class='ocrx_word' id='word_1_28' title='bbox 750 864 938 929; x_wconf 83' lang='lat' dir='ltr'>reiciendum</span> <span class='ocrx_word' id='word_1_29' title='bbox 970 865 1035 942; x_wconf 93' lang='lat' dir='ltr'>est,</span> <span class='ocrx_word' id='word_1_30' title='bbox 1067 863 1311 946; x_wconf 85' lang='lat' dir='ltr'>lexicographos,</span> 
     </span>
     <span class='ocr_line' id='line_1_6' title="bbox 183 965 1312 1051; baseline -0.004 -18"><span class='ocrx_word' id='word_1_31' title='bbox 183 988 263 1051; x_wconf 90' lang='lat' dir='ltr'>quae</span> <span class='ocrx_word' id='word_1_32' title='bbox 281 988 341 1034; x_wconf 91' lang='lat' dir='ltr'>non</span> <span class='ocrx_word' id='word_1_33' title='bbox 359 969 440 1051; x_wconf 88' lang='lat' dir='ltr'>apud</span> <span class='ocrx_word' id='word_1_34' title='bbox 458 968 657 1035; x_wconf 78' lang='lat' dir='ltr'>Aristotelem</span> <span class='ocrx_word' id='word_1_35' title='bbox 673 967 870 1046; x_wconf 86' lang='lat' dir='ltr'>invenissent,</span> <span class='ocrx_word' id='word_1_36' title='bbox 895 986 910 1032; x_wconf 92' lang='lat' dir='ltr'>e</span> <span class='ocrx_word' id='word_1_37' title='bbox 932 965 1018 1031; x_wconf 78' lang='lat' dir='ltr'>tonte</span> <span class='ocrx_word' id='word_1_38' title='bbox 1041 965 1210 1048; x_wconf 81' lang='lat' dir='ltr'>antiquiore</span> <span class='ocrx_word' id='word_1_39' title='bbox 1234 965 1312 1029; x_wconf 89' lang='lat' dir='ltr'>hau-</span> 
     </span>
     <span class='ocr_line' id='line_1_7' title="bbox 186 1068 1311 1153; baseline -0.005 -15"><span class='ocrx_word' id='word_1_40' title='bbox 186 1074 272 1138; x_wconf 90' lang='lat' dir='ltr'>sisse.</span> <span class='ocrx_word' id='word_1_41' title='bbox 313 1074 392 1137; x_wconf 82' lang='lat' dir='ltr'>Tum</span> <span class='ocrx_word' id='word_1_42' title='bbox 416 1075 496 1137; x_wconf 90' lang='lat' dir='ltr'>enim</span> <span class='ocrx_word' id='word_1_43' title='bbox 520 1072 623 1138; x_wconf 89' lang='lat' dir='ltr'>omnia</span> <span class='ocrx_word' id='word_1_44' title='bbox 646 1071 716 1136; x_wconf 91' lang='lat' dir='ltr'>inde</span> <span class='ocrx_word' id='word_1_45' title='bbox 739 1071 973 1153; x_wconf 88' lang='lat' dir='ltr'>exscripsissent</span> <span class='ocrx_word' id='word_1_46' title='bbox 994 1088 1091 1152; x_wconf 91' lang='lat' dir='ltr'>neque</span> <span class='ocrx_word' id='word_1_47' title='bbox 1108 1068 1311 1134; x_wconf 86' lang='lat' dir='ltr'>Aristotelem</span> 
     </span>
     <span class='ocr_line' id='line_1_8' title="bbox 183 1171 1313 1258; baseline -0.005 -17"><span class='ocrx_word' id='word_1_48' title='bbox 183 1176 309 1241; x_wconf 92' lang='lat' dir='ltr'>omnino</span> <span class='ocrx_word' id='word_1_49' title='bbox 333 1176 532 1258; x_wconf 73' lang='lat' dir='ltr'>spectassent.</span> <span class='ocrx_word' id='word_1_50' title='bbox 579 1175 772 1257; x_wconf 82' lang='lat' dir='ltr'>Quamquam</span> <span class='ocrx_word' id='word_1_51' title='bbox 796 1173 892 1257; x_wconf 86' lang='lat' dir='ltr'>igitur</span> <span class='ocrx_word' id='word_1_52' title='bbox 913 1174 945 1237; x_wconf 91' lang='lat' dir='ltr'>in</span> <span class='ocrx_word' id='word_1_53' title='bbox 968 1173 1037 1256; x_wconf 80' lang='lat' dir='ltr'>lege</span> <span class='ocrx_word' id='word_1_54' title='bbox 1052 1172 1120 1254; x_wconf 92' lang='lat' dir='ltr'>ipsa</span> <span class='ocrx_word' id='word_1_55' title='bbox 1138 1171 1195 1235; x_wconf 87' lang='lat' dir='ltr'>illa</span> <span class='ocrx_word' id='word_1_56' title='bbox 1216 1171 1313 1236; x_wconf 86' lang='lat' dir='ltr'>uerba</span> 
     </span>
     <span class='ocr_line' id='line_1_9' title="bbox 185 1274 1311 1363; baseline -0.007 -18"><span class='ocrx_word' id='word_1_57' title='bbox 185 1286 239 1345; x_wconf 85' lang='lat' dir='ltr'>aut</span> <span class='ocrx_word' id='word_1_58' title='bbox 269 1279 346 1363; x_wconf 84' lang='grc' dir='ltr'>ὑπὲρ</span> <span class='ocrx_word' id='word_1_59' title='bbox 369 1288 427 1363; x_wconf 81' lang='grc' dir='ltr'>τῆς</span> <span class='ocrx_word' id='word_1_60' title='bbox 449 1278 595 1362; x_wconf 76' lang='grc' dir='ltr'>πατρίδος</span> <span class='ocrx_word' id='word_1_61' title='bbox 626 1281 680 1343; x_wconf 85' lang='lat' dir='ltr'>aut</span> <span class='ocrx_word' id='word_1_62' title='bbox 711 1277 787 1362; x_wconf 85' lang='grc' dir='ltr'>ὑπὲρ</span> <span class='ocrx_word' id='word_1_63' title='bbox 819 1287 877 1362; x_wconf 79' lang='grc' dir='ltr'>τῆς</span> <span class='ocrx_word' id='word_1_64' title='bbox 908 1275 1029 1351; x_wconf 77' lang='grc' dir='ltr'>πόλεως</span> <span class='ocrx_word' id='word_1_65' title='bbox 1061 1274 1215 1340; x_wconf 83' lang='lat' dir='ltr'>exstitisse</span> <span class='ocrx_word' id='word_1_66' title='bbox 1246 1274 1311 1339; x_wconf 82' lang='lat' dir='ltr'>veri</span> 
     </span>
     <span class='ocr_line' id='line_1_10' title="bbox 186 1378 1312 1462; baseline -0.004 -15"><span class='ocrx_word' id='word_1_67' title='bbox 186 1383 287 1447; x_wconf 90' lang='lat' dir='ltr'>simile</span> <span class='ocrx_word' id='word_1_68' title='bbox 319 1384 376 1462; x_wconf 90' lang='lat' dir='ltr'>est,</span> <span class='ocrx_word' id='word_1_69' title='bbox 408 1385 512 1448; x_wconf 88' lang='lat' dir='ltr'>tamen</span> <span class='ocrx_word' id='word_1_70' title='bbox 544 1382 615 1446; x_wconf 92' lang='lat' dir='ltr'>inde</span> <span class='ocrx_word' id='word_1_71' title='bbox 639 1382 843 1446; x_wconf 79' lang='lat' dir='ltr'>hortantum</span> <span class='ocrx_word' id='word_1_72' title='bbox 871 1379 1014 1445; x_wconf 91' lang='lat' dir='ltr'>concludi</span> <span class='ocrx_word' id='word_1_73' title='bbox 1045 1379 1157 1461; x_wconf 88' lang='lat' dir='ltr'>potest,</span> <span class='ocrx_word' id='word_1_74' title='bbox 1189 1378 1312 1442; x_wconf 90' lang='lat' dir='ltr'>Aristo·</span> 
     </span>
     <span class='ocr_line' id='line_1_11' title="bbox 183 1478 1314 1565; baseline -0.007 -14"><span class='ocrx_word' id='word_1_75' title='bbox 183 1487 281 1551; x_wconf 85' lang='lat' dir='ltr'>telem</span> <span class='ocrx_word' id='word_1_76' title='bbox 312 1486 430 1550; x_wconf 90' lang='lat' dir='ltr'>iontem</span> <span class='ocrx_word' id='word_1_77' title='bbox 463 1504 553 1550; x_wconf 90' lang='lat' dir='ltr'>suum</span> <span class='ocrx_word' id='word_1_78' title='bbox 576 1484 775 1563; x_wconf 84' lang='lat' dir='ltr'>contraxisse,</span> <span class='ocrx_word' id='word_1_79' title='bbox 810 1484 842 1548; x_wconf 92' lang='lat' dir='ltr'>id</span> <span class='ocrx_word' id='word_1_80' title='bbox 866 1483 946 1565; x_wconf 93' lang='lat' dir='ltr'>quod</span> <span class='ocrx_word' id='word_1_81' title='bbox 970 1482 1091 1565; x_wconf 88' lang='lat' dir='ltr'>saepius</span> <span class='ocrx_word' id='word_1_82' title='bbox 1114 1481 1196 1546; x_wconf 87' lang='lat' dir='ltr'>iecit.</span> <span class='ocrx_word' id='word_1_83' title='bbox 1251 1478 1314 1559; x_wconf 78' lang='lat' dir='ltr'>Qui</span> 
     </span>
     <span class='ocr_line' id='line_1_12' title="bbox 186 1583 1311 1671; baseline -0.004 -20"><span class='ocrx_word' id='word_1_84' title='bbox 186 1587 254 1653; x_wconf 88' lang='lat' dir='ltr'>sons</span> <span class='ocrx_word' id='word_1_85' title='bbox 277 1588 313 1653; x_wconf 80' lang='lat' dir='ltr'>ut</span> <span class='ocrx_word' id='word_1_86' title='bbox 334 1589 447 1654; x_wconf 89' lang='lat' dir='ltr'>litteris</span> <span class='ocrx_word' id='word_1_87' title='bbox 465 1589 530 1671; x_wconf 84' lang='lat' dir='ltr'>jam</span> <span class='ocrx_word' id='word_1_88' title='bbox 554 1588 718 1653; x_wconf 87' lang='lat' dir='ltr'>mandatus</span> <span class='ocrx_word' id='word_1_89' title='bbox 735 1587 836 1663; x_wconf 87' lang='lat' dir='ltr'>luerit,</span> <span class='ocrx_word' id='word_1_90' title='bbox 863 1606 900 1651; x_wconf 90' lang='lat' dir='ltr'>ne</span> <span class='ocrx_word' id='word_1_91' title='bbox 924 1585 994 1650; x_wconf 92' lang='lat' dir='ltr'>inde</span> <span class='ocrx_word' id='word_1_92' title='bbox 1017 1584 1141 1668; x_wconf 92' lang='lat' dir='ltr'>quidem</span> <span class='ocrx_word' id='word_1_93' title='bbox 1160 1583 1311 1664; x_wconf 86' lang='lat' dir='ltr'>sequitur.</span> 
     </span>
     <span class='ocr_line' id='line_1_13' title="bbox 184 1691 957 1774; baseline 0 -20"><span class='ocrx_word' id='word_1_94' title='bbox 184 1692 284 1757; x_wconf 89' lang='lat' dir='ltr'>immo</span> <span class='ocrx_word' id='word_1_95' title='bbox 308 1712 378 1757; x_wconf 91' lang='lat' dir='ltr'>vero</span> <span class='ocrx_word' id='word_1_96' title='bbox 401 1694 451 1756; x_wconf 89' lang='lat' dir='ltr'>lex</span> <span class='ocrx_word' id='word_1_97' title='bbox 473 1693 540 1774; x_wconf 91' lang='lat' dir='ltr'>ipsa</span> <span class='ocrx_word' id='word_1_98' title='bbox 561 1693 629 1772; x_wconf 85' lang='lat' dir='ltr'>fuit,</span> <span class='ocrx_word' id='word_1_99' title='bbox 653 1693 684 1756; x_wconf 91' lang='lat' dir='ltr'>in</span> <span class='ocrx_word' id='word_1_100' title='bbox 709 1711 770 1773; x_wconf 90' lang='lat' dir='ltr'>qua</span> <span class='ocrx_word' id='word_1_101' title='bbox 793 1691 877 1754; x_wconf 86' lang='lat' dir='ltr'>nisus</span> <span class='ocrx_word' id='word_1_102' title='bbox 901 1693 957 1754; x_wconf 89' lang='lat' dir='ltr'>est.</span> 
     </span>
    </p>
   </div>
   <div class='ocr_carea' id='block_1_3' title="bbox 184 1977 1312 2154">
    <p class='ocr_par' dir='ltr' id='par_1_3' title="bbox 184 1977 1312 2154">
     <span class='ocr_line' id='line_1_14' title="bbox 184 1977 1311 2070; baseline -0.004 -21"><span class='ocrx_word' id='word_1_103' title='bbox 184 1982 212 2070; x_wconf 61' lang='grc' dir='ltr'><strong>ἕ</strong></span> <span class='ocrx_word' id='word_1_104' title='bbox 235 1982 271 2050; x_wconf 85' lang='grc'>4.</span> <span class='ocrx_word' id='word_1_105' title='bbox 316 1982 529 2051; x_wconf 87' lang='lat' dir='ltr'>Pollucem</span> <span class='ocrx_word' id='word_1_106' title='bbox 552 1981 651 2049; x_wconf 89' lang='lat' dir='ltr'>V111.</span> <span class='ocrx_word' id='word_1_107' title='bbox 662 1980 728 2048; x_wconf 89' lang='grc'>107</span> <span class='ocrx_word' id='word_1_108' title='bbox 745 1979 842 2047; x_wconf 89' lang='lat' dir='ltr'>nihil</span> <span class='ocrx_word' id='word_1_109' title='bbox 859 1979 936 2048; x_wconf 90' lang='lat' dir='ltr'>nisi</span> <span class='ocrx_word' id='word_1_110' title='bbox 953 1978 1205 2047; x_wconf 82' lang='lat' dir='ltr'>Aristotelea</span> <span class='ocrx_word' id='word_1_111' title='bbox 1222 1977 1311 2046; x_wconf 87' lang='lat' dir='ltr'>red·</span> 
     </span>
     <span class='ocr_line' id='line_1_15' title="bbox 189 2080 1312 2154; baseline -0.004 -2"><span class='ocrx_word' id='word_1_112' title='bbox 189 2084 288 2153; x_wconf 83' lang='lat' dir='ltr'>dere</span> <span class='ocrx_word' id='word_1_113' title='bbox 311 2086 457 2154; x_wconf 82' lang='lat' dir='ltr'>contra</span> <span class='ocrx_word' id='word_1_114' title='bbox 479 2083 841 2152; x_wconf 87' lang='lat' dir='ltr'>Wilamowitzium</span> <span class='ocrx_word' id='word_1_115' title='bbox 875 2080 1201 2152; x_wconf 85' lang='lat' dir='ltr'>contendendum</span> <span class='ocrx_word' id='word_1_116' title='bbox 1234 2083 1312 2150; x_wconf 85' lang='lat' dir='ltr'>est.</span> 
     </span>
    </p>
   </div>
   <div class='ocr_carea' id='block_1_4' title="bbox 179 2269 1314 2768">
    <p class='ocr_par' dir='ltr' id='par_1_4' title="bbox 179 2269 1314 2768">
     <span class='ocr_line' id='line_1_16' title="bbox 292 2269 1313 2354; baseline -0.001 -20"><span class='ocrx_word' id='word_1_117' title='bbox 292 2270 399 2352; x_wconf 89' lang='lat' dir='ltr'>Neque</span> <span class='ocrx_word' id='word_1_118' title='bbox 424 2271 660 2335; x_wconf 89' lang='lat' dir='ltr'>Wilamouitzio</span> <span class='ocrx_word' id='word_1_119' title='bbox 673 2271 697 2354; x_wconf 86' lang='lat'>¹)</span> <span class='ocrx_word' id='word_1_120' title='bbox 729 2270 871 2350; x_wconf 87' lang='lat' dir='ltr'>concedo,</span> <span class='ocrx_word' id='word_1_121' title='bbox 904 2290 939 2334; x_wconf 83' lang='lat' dir='ltr'>ex</span> <span class='ocrx_word' id='word_1_122' title='bbox 969 2271 1099 2336; x_wconf 82' lang='lat' dir='ltr'>Aristot.</span> <span class='ocrx_word' id='word_1_123' title='bbox 1122 2271 1173 2334; x_wconf 73' lang='lat'>54.</span> <span class='ocrx_word' id='word_1_124' title='bbox 1197 2269 1215 2332; x_wconf 83' lang='lat'>7</span> <span class='ocrx_word' id='word_1_125' title='bbox 1241 2288 1313 2334; x_wconf 91' lang='lat' dir='ltr'>cum</span> 
     </span>
     <span class='ocr_line' id='line_1_17' title="bbox 179 2374 1314 2458; baseline -0.002 -19"><span class='ocrx_word' id='word_1_126' title='bbox 179 2374 316 2439; x_wconf 78' lang='lat' dir='ltr'>,Polluce</span> <span class='ocrx_word' id='word_1_127' title='bbox 348 2375 433 2438; x_wconf 90' lang='lat' dir='ltr'><strong>VIII.</strong></span> <span class='ocrx_word' id='word_1_128' title='bbox 462 2374 520 2437; x_wconf 82' lang='grc'>107</span> <span class='ocrx_word' id='word_1_129' title='bbox 556 2377 732 2457; x_wconf 83' lang='lat' dir='ltr'>comparato</span> <span class='ocrx_word' id='word_1_130' title='bbox 764 2375 929 2457; x_wconf 86' lang='lat' dir='ltr'>quicquam</span> <span class='ocrx_word' id='word_1_131' title='bbox 962 2375 1066 2458; x_wconf 85' lang='lat' dir='ltr'>colligi</span> <span class='ocrx_word' id='word_1_132' title='bbox 1097 2393 1204 2457; x_wconf 88' lang='lat' dir='ltr'>posse,</span> <span class='ocrx_word' id='word_1_133' title='bbox 1240 2374 1314 2456; x_wconf 85' lang='lat' dir='ltr'>quia</span> 
     </span>
     <span class='ocr_line' id='line_1_18' title="bbox 183 2477 1313 2561; baseline -0.002 -19"><span class='ocrx_word' id='word_1_134' title='bbox 183 2477 239 2543; x_wconf 81' lang='lat' dir='ltr'>&#39;hic</span> <span class='ocrx_word' id='word_1_135' title='bbox 261 2479 422 2560; x_wconf 88' lang='lat' dir='ltr'>quattuor,</span> <span class='ocrx_word' id='word_1_136' title='bbox 454 2478 509 2543; x_wconf 89' lang='lat' dir='ltr'>ille</span> <span class='ocrx_word' id='word_1_137' title='bbox 536 2479 669 2561; x_wconf 92' lang='lat' dir='ltr'>quinque</span> <span class='ocrx_word' id='word_1_138' title='bbox 700 2479 789 2544; x_wconf 91' lang='lat' dir='ltr'>ludos</span> <span class='ocrx_word' id='word_1_139' title='bbox 821 2479 1060 2561; x_wconf 88' lang='lat' dir='ltr'>quinquennales</span> <span class='ocrx_word' id='word_1_140' title='bbox 1083 2477 1313 2543; x_wconf 85' lang='lat' dir='ltr'>commemoret.</span> 
     </span>
     <span class='ocr_line' id='line_1_19' title="bbox 189 2581 1314 2665; baseline 0 -21"><span class='ocrx_word' id='word_1_141' title='bbox 189 2581 301 2646; x_wconf 92' lang='lat' dir='ltr'>Pollux</span> <span class='ocrx_word' id='word_1_142' title='bbox 323 2583 512 2665; x_wconf 84' lang='lat' dir='ltr'>saepissime,</span> <span class='ocrx_word' id='word_1_143' title='bbox 544 2584 597 2648; x_wconf 93' lang='lat' dir='ltr'>ubi</span> <span class='ocrx_word' id='word_1_144' title='bbox 620 2583 788 2647; x_wconf 88' lang='lat' dir='ltr'>Aristotele</span> <span class='ocrx_word' id='word_1_145' title='bbox 820 2582 901 2647; x_wconf 89' lang='lat' dir='ltr'>fonte</span> <span class='ocrx_word' id='word_1_146' title='bbox 928 2601 1002 2647; x_wconf 92' lang='lat' dir='ltr'>usus</span> <span class='ocrx_word' id='word_1_147' title='bbox 1034 2583 1090 2658; x_wconf 87' lang='lat' dir='ltr'>est,</span> <span class='ocrx_word' id='word_1_148' title='bbox 1123 2582 1189 2647; x_wconf 90' lang='lat' dir='ltr'>eius</span> <span class='ocrx_word' id='word_1_149' title='bbox 1219 2582 1314 2645; x_wconf 87' lang='lat' dir='ltr'>verba</span> 
     </span>
     <span class='ocr_line' id='line_1_20' title="bbox 184 2685 1313 2768; baseline 0.001 -20"><span class='ocrx_word' id='word_1_150' title='bbox 184 2685 352 2750; x_wconf 86' lang='lat' dir='ltr'>contrahit.</span> <span class='ocrx_word' id='word_1_151' title='bbox 397 2685 447 2749; x_wconf 90' lang='lat' dir='ltr'>Ad</span> <span class='ocrx_word' id='word_1_152' title='bbox 470 2705 562 2768; x_wconf 87' lang='lat' dir='ltr'>quam</span> <span class='ocrx_word' id='word_1_153' title='bbox 584 2707 648 2751; x_wconf 91' lang='lat' dir='ltr'>rem</span> <span class='ocrx_word' id='word_1_154' title='bbox 671 2687 889 2751; x_wconf 86' lang='lat' dir='ltr'>illustrandam</span> <span class='ocrx_word' id='word_1_155' title='bbox 903 2704 984 2750; x_wconf 90' lang='lat' dir='ltr'>nuno</span> <span class='ocrx_word' id='word_1_156' title='bbox 1000 2685 1076 2751; x_wconf 90' lang='lat' dir='ltr'>duos</span> <span class='ocrx_word' id='word_1_157' title='bbox 1091 2686 1214 2750; x_wconf 91' lang='lat' dir='ltr'>tantum</span> <span class='ocrx_word' id='word_1_158' title='bbox 1228 2685 1313 2750; x_wconf 91' lang='lat' dir='ltr'>locos</span> 
     </span>
    </p>
   </div>
   <div class='ocr_carea' id='block_1_5' title="bbox 185 2787 1312 2970">
    <p class='ocr_par' dir='ltr' id='par_1_5' title="bbox 185 2787 1312 2970">
     <span class='ocr_line' id='line_1_21' title="bbox 185 2787 1312 2873; baseline 0.004 -26"><span class='ocrx_word' id='word_1_159' title='bbox 185 2789 362 2853; x_wconf 83' lang='lat' dir='ltr'>adscribere</span> <span class='ocrx_word' id='word_1_160' title='bbox 385 2790 460 2853; x_wconf 89' lang='lat' dir='ltr'>satis</span> <span class='ocrx_word' id='word_1_161' title='bbox 484 2791 551 2868; x_wconf 87' lang='lat' dir='ltr'>erit,</span> <span class='ocrx_word' id='word_1_162' title='bbox 579 2810 654 2873; x_wconf 92' lang='lat' dir='ltr'>quos</span> <span class='ocrx_word' id='word_1_163' title='bbox 679 2811 715 2854; x_wconf 81' lang='lat' dir='ltr'>rx</span> <span class='ocrx_word' id='word_1_164' title='bbox 738 2790 905 2855; x_wconf 90' lang='lat' dir='ltr'>Aristotele</span> <span class='ocrx_word' id='word_1_165' title='bbox 927 2789 1050 2855; x_wconf 87' lang='lat' dir='ltr'>fluxisse</span> <span class='ocrx_word' id='word_1_166' title='bbox 1066 2787 1312 2863; x_wconf 73' lang='lat' dir='ltr'>Wilamowitz²r</span> 
     </span>
     <span class='ocr_line' id='line_1_22' title="bbox 191 2891 451 2970; baseline 0.008 -17"><span class='ocrx_word' id='word_1_167' title='bbox 191 2891 257 2970; x_wconf 91' lang='lat' dir='ltr'>ipse</span> <span class='ocrx_word' id='word_1_168' title='bbox 279 2891 451 2955; x_wconf 89' lang='lat' dir='ltr'>confitetur.</span> 
     </span>
    </p>
   </div>
   <div class='ocr_carea' id='block_1_6' title="bbox 331 3062 1192 3132">
    <p class='ocr_par' dir='ltr' id='par_1_6' title="bbox 331 3062 1192 3132">
     <span class='ocr_line' id='line_1_23' title="bbox 331 3062 1192 3132; baseline 0.005 -6"><span class='ocrx_word' id='word_1_169' title='bbox 331 3062 461 3128; x_wconf 76' lang='lat' dir='ltr'>Aristot.</span> <span class='ocrx_word' id='word_1_170' title='bbox 487 3065 542 3128; x_wconf 83' lang='lat'>58.</span> <span class='ocrx_word' id='word_1_171' title='bbox 569 3066 589 3127; x_wconf 97' lang='grc' dir='ltr'>Ι.</span> <span class='ocrx_word' id='word_1_172' title='bbox 751 3076 753 3085; x_wconf 88' lang='grc'><em>·</em></span> <span class='ocrx_word' id='word_1_173' title='bbox 904 3066 1016 3130; x_wconf 82' lang='lat' dir='ltr'>Pollux</span> <span class='ocrx_word' id='word_1_174' title='bbox 1039 3067 1112 3130; x_wconf 86' lang='lat' dir='ltr'>Vlll.</span> <span class='ocrx_word' id='word_1_175' title='bbox 1138 3068 1192 3132; x_wconf 83' lang='lat' dir='ltr'>et.</span> 
     </span>
    </p>
   </div>
   <div class='ocr_carea' id='block_1_7' title="bbox 187 3215 1316 3715">
    <p class='ocr_par' dir='ltr' id='par_1_7' title="bbox 187 3215 1316 3715">
     <span class='ocr_line' id='line_1_24' title="bbox 193 3215 1315 3305; baseline 0.002 -26"><span class='ocrx_word' id='word_1_176' title='bbox 193 3215 266 3279; x_wconf 79' lang='grc' dir='ltr'>ὁδὲ</span> <span class='ocrx_word' id='word_1_177' title='bbox 289 3215 487 3300; x_wconf 80' lang='grc' dir='ltr'>πόλεμαρχος</span> <span class='ocrx_word' id='word_1_178' title='bbox 511 3216 582 3280; x_wconf 73' lang='grc' dir='ltr'>θύει</span> <span class='ocrx_word' id='word_1_179' title='bbox 600 3219 656 3301; x_wconf 84' lang='grc' dir='ltr'>μὲν</span> <span class='ocrx_word' id='word_1_180' title='bbox 672 3219 730 3282; x_wconf 76' lang='lat' dir='ltr'>uo·</span> <span class='ocrx_word' id='word_1_181' title='bbox 774 3219 790 3281; x_wconf 83' lang='grc' dir='ltr'>ὁ</span> <span class='ocrx_word' id='word_1_182' title='bbox 828 3217 862 3281; x_wconf 83' lang='grc' dir='ltr'>δὲ</span> <span class='ocrx_word' id='word_1_183' title='bbox 899 3218 1099 3305; x_wconf 77' lang='grc' dir='ltr'>πολέμαρχος</span> <span class='ocrx_word' id='word_1_184' title='bbox 1141 3219 1212 3283; x_wconf 74' lang='grc' dir='ltr'>θύει</span> <span class='ocrx_word' id='word_1_185' title='bbox 1259 3219 1315 3303; x_wconf 86' lang='grc' dir='ltr'>μὲν</span> 
     </span>
     <span class='ocr_line' id='line_1_25' title="bbox 194 3317 1315 3408; baseline 0.004 -27"><span class='ocrx_word' id='word_1_186' title='bbox 194 3317 262 3394; x_wconf 85' lang='grc' dir='ltr'>σίας</span> <span class='ocrx_word' id='word_1_187' title='bbox 284 3328 323 3402; x_wconf 73' lang='grc' dir='ltr'>τῇ</span> <span class='ocrx_word' id='word_1_188' title='bbox 347 3340 383 3382; x_wconf 88' lang='grc' dir='ltr'>τε</span> <span class='ocrx_word' id='word_1_189' title='bbox 400 3317 558 3404; x_wconf 78' lang='grc' dir='ltr'>Ἀρτέμιδι</span> <span class='ocrx_word' id='word_1_190' title='bbox 582 3330 620 3406; x_wconf 77' lang='grc' dir='ltr'>τῇ</span> <span class='ocrx_word' id='word_1_191' title='bbox 638 3322 730 3406; x_wconf 68' lang='lat' dir='ltr'>cirpe-</span> <span class='ocrx_word' id='word_1_192' title='bbox 773 3319 933 3406; x_wconf 77' lang='grc' dir='ltr'>Ἀρτέμιδι</span> <span class='ocrx_word' id='word_1_193' title='bbox 974 3322 1128 3408; x_wconf 74' lang='grc' dir='ltr'>ἀγροτέρα</span> <span class='ocrx_word' id='word_1_194' title='bbox 1169 3324 1224 3386; x_wconf 83' lang='grc' dir='ltr'>καὶ</span> <span class='ocrx_word' id='word_1_195' title='bbox 1269 3331 1315 3406; x_wconf 85' lang='grc' dir='ltr'>τῷ</span> 
     </span>
     <span class='ocr_line' id='line_1_26' title="bbox 193 3421 1315 3511; baseline 0.004 -28"><span class='ocrx_word' id='word_1_196' title='bbox 193 3421 268 3506; x_wconf 77' lang='grc' dir='ltr'>τέρα</span> <span class='ocrx_word' id='word_1_197' title='bbox 291 3424 346 3484; x_wconf 80' lang='grc' dir='ltr'>καί</span> <span class='ocrx_word' id='word_1_198' title='bbox 369 3430 412 3506; x_wconf 84' lang='grc' dir='ltr'>τῷ</span> <span class='ocrx_word' id='word_1_199' title='bbox 435 3421 601 3508; x_wconf 83' lang='grc' dir='ltr'>Ἐνυαλίῳ,</span> <span class='ocrx_word' id='word_1_200' title='bbox 635 3424 730 3488; x_wconf 80' lang='grc' dir='ltr'>διατί-</span> <span class='ocrx_word' id='word_1_201' title='bbox 773 3422 943 3509; x_wconf 81' lang='grc' dir='ltr'>Ἐνυαλίῳ,</span> <span class='ocrx_word' id='word_1_202' title='bbox 990 3425 1151 3511; x_wconf 74' lang='grc' dir='ltr'>διατίθησι</span> <span class='ocrx_word' id='word_1_203' title='bbox 1187 3425 1220 3489; x_wconf 86' lang='grc' dir='ltr'>δὲ</span> <span class='ocrx_word' id='word_1_204' title='bbox 1260 3429 1315 3488; x_wconf 80' lang='grc' dir='ltr'>τὸν</span> 
     </span>
     <span class='ocr_line' id='line_1_27' title="bbox 187 3523 1315 3612; baseline 0.002 -24"><span class='ocrx_word' id='word_1_205' title='bbox 187 3525 274 3609; x_wconf 56' lang='lat' dir='ltr'>&gt;equ</span> <span class='ocrx_word' id='word_1_206' title='bbox 296 3523 322 3586; x_wconf 77' lang='grc' dir='ltr'>δ’</span> <span class='ocrx_word' id='word_1_207' title='bbox 345 3524 453 3608; x_wconf 83' lang='grc' dir='ltr'>ἀγῶνα</span> <span class='ocrx_word' id='word_1_208' title='bbox 479 3529 531 3590; x_wconf 84' lang='grc' dir='ltr'>τὸν</span> <span class='ocrx_word' id='word_1_209' title='bbox 554 3526 728 3610; x_wconf 83' lang='grc' dir='ltr'>ἐπιτάφιον,</span> <span class='ocrx_word' id='word_1_210' title='bbox 775 3526 938 3610; x_wconf 82' lang='grc' dir='ltr'>ἐπιτάφιον</span> <span class='ocrx_word' id='word_1_211' title='bbox 969 3528 1078 3612; x_wconf 82' lang='grc' dir='ltr'>ἀγῶνα</span> <span class='ocrx_word' id='word_1_212' title='bbox 1109 3537 1171 3592; x_wconf 83' lang='grc' dir='ltr'>τῶν</span> <span class='ocrx_word' id='word_1_213' title='bbox 1202 3527 1235 3591; x_wconf 87' lang='grc' dir='ltr'>ἐν</span> <span class='ocrx_word' id='word_1_214' title='bbox 1258 3548 1315 3590; x_wconf 86' lang='grc' dir='ltr'>πο-</span> 
     </span>
     <span class='ocr_line' id='line_1_28' title="bbox 193 3626 1316 3715; baseline 0.003 -25"><span class='ocrx_word' id='word_1_215' title='bbox 193 3630 248 3690; x_wconf 83' lang='grc' dir='ltr'>καί</span> <span class='ocrx_word' id='word_1_216' title='bbox 265 3626 293 3710; x_wconf 78' lang='grc'>3)</span> <span class='ocrx_word' id='word_1_217' title='bbox 325 3637 390 3703; x_wconf 86' lang='grc' dir='ltr'>τοῖς</span> <span class='ocrx_word' id='word_1_218' title='bbox 412 3627 674 3714; x_wconf 74' lang='grc' dir='ltr'>τετελευτηκόσιν</span> <span class='ocrx_word' id='word_1_219' title='bbox 698 3629 731 3692; x_wconf 86' lang='grc' dir='ltr'>ἐν</span> <span class='ocrx_word' id='word_1_220' title='bbox 774 3628 859 3715; x_wconf 82' lang='grc' dir='ltr'>λὲμῳ</span> <span class='ocrx_word' id='word_1_221' title='bbox 893 3629 1130 3713; x_wconf 75' lang='grc' dir='ltr'>ἀποθανὸντων,</span> <span class='ocrx_word' id='word_1_222' title='bbox 1164 3632 1219 3695; x_wconf 81' lang='grc' dir='ltr'>καὶ</span> <span class='ocrx_word' id='word_1_223' title='bbox 1250 3639 1316 3706; x_wconf 85' lang='grc' dir='ltr'>τοῖς</span> 
     </span>
    </p>
   </div>
   <div class='ocr_carea' id='block_1_8' title="bbox 194 3819 450 3828">
    <p class='ocr_par' dir='ltr' id='par_1_8' title="bbox 194 3819 450 3828">
     <span class='ocr_line' id='line_1_29' title="bbox 194 3819 450 3828; baseline 0.008 -2"><span class='ocrx_word' id='word_1_224' title='bbox 194 3819 450 3828; x_wconf 74' lang='lat'><em>-—--—---··—</em></span> 
     </span>
    </p>
   </div>
   <div class='ocr_carea' id='block_1_9' title="bbox 188 3932 1316 4349">
    <p class='ocr_par' dir='ltr' id='par_1_9' title="bbox 301 3932 687 4001">
     <span class='ocr_line' id='line_1_30' title="bbox 301 3932 687 4001; baseline 0.016 -18"><span class='ocrx_word' id='word_1_225' title='bbox 301 3932 322 3999; x_wconf 80' lang='lat' dir='ltr'>l)</span> <span class='ocrx_word' id='word_1_226' title='bbox 342 3934 359 3987; x_wconf 90' lang='lat' dir='ltr'>l.</span> <span class='ocrx_word' id='word_1_227' title='bbox 378 3935 395 3986; x_wconf 91' lang='lat' dir='ltr'>l.</span> <span class='ocrx_word' id='word_1_228' title='bbox 415 3935 433 3986; x_wconf 87' lang='lat' dir='ltr'>l.</span> <span class='ocrx_word' id='word_1_229' title='bbox 452 3950 477 4001; x_wconf 92' lang='lat' dir='ltr'>p.</span> <span class='ocrx_word' id='word_1_230' title='bbox 495 3935 547 3988; x_wconf 79' lang='lat'>230</span> <span class='ocrx_word' id='word_1_231' title='bbox 565 3949 627 3989; x_wconf 88' lang='lat' dir='ltr'>ann.</span> <span class='ocrx_word' id='word_1_232' title='bbox 647 3936 687 3989; x_wconf 84' lang='grc'>89.</span> 
     </span>
    </p>

    <p class='ocr_par' dir='ltr' id='par_1_10' title="bbox 296 4021 902 4089">
     <span class='ocr_line' id='line_1_31' title="bbox 296 4021 902 4089; baseline 0.008 -17"><span class='ocrx_word' id='word_1_233' title='bbox 296 4022 323 4086; x_wconf 82' lang='lat'>2)</span> <span class='ocrx_word' id='word_1_234' title='bbox 342 4021 358 4072; x_wconf 93' lang='lat' dir='ltr'>l.</span> <span class='ocrx_word' id='word_1_235' title='bbox 377 4021 394 4073; x_wconf 93' lang='lat' dir='ltr'>l.</span> <span class='ocrx_word' id='word_1_236' title='bbox 414 4021 433 4073; x_wconf 90' lang='lat' dir='ltr'>l.</span> <span class='ocrx_word' id='word_1_237' title='bbox 452 4036 477 4088; x_wconf 87' lang='lat' dir='ltr'>p.</span> <span class='ocrx_word' id='word_1_238' title='bbox 497 4021 547 4075; x_wconf 72' lang='lat'>949</span> <span class='ocrx_word' id='word_1_239' title='bbox 566 4035 628 4075; x_wconf 90' lang='lat' dir='ltr'>enn.</span> <span class='ocrx_word' id='word_1_240' title='bbox 650 4023 698 4075; x_wconf 81' lang='lat'>130</span> <span class='ocrx_word' id='word_1_241' title='bbox 718 4025 746 4076; x_wconf 93' lang='lat' dir='ltr'>et</span> <span class='ocrx_word' id='word_1_242' title='bbox 764 4023 781 4075; x_wconf 90' lang='grc' dir='ltr'>Ι.</span> <span class='ocrx_word' id='word_1_243' title='bbox 801 4038 825 4089; x_wconf 91' lang='lat' dir='ltr'>p.</span> <span class='ocrx_word' id='word_1_244' title='bbox 842 4025 902 4078; x_wconf 76' lang='lat'><strong>297.</strong></span> 
     </span>
    </p>

    <p class='ocr_par' dir='ltr' id='par_1_11' title="bbox 188 4106 1316 4349">
     <span class='ocr_line' id='line_1_32' title="bbox 296 4106 1316 4177; baseline 0.004 -19"><span class='ocrx_word' id='word_1_245' title='bbox 296 4108 322 4172; x_wconf 89' lang='grc'>3)</span> <span class='ocrx_word' id='word_1_246' title='bbox 341 4106 411 4158; x_wconf 83' lang='lat' dir='ltr'>dure</span> <span class='ocrx_word' id='word_1_247' title='bbox 429 4107 736 4161; x_wconf 80' lang='lat' dir='ltr'>Wilamowitz-Keibel</span> <span class='ocrx_word' id='word_1_248' title='bbox 755 4109 783 4162; x_wconf 92' lang='lat' dir='ltr'>in</span> <span class='ocrx_word' id='word_1_249' title='bbox 802 4109 925 4163; x_wconf 90' lang='lat' dir='ltr'>editione</span> <span class='ocrx_word' id='word_1_250' title='bbox 944 4124 996 4163; x_wconf 87' lang='lat' dir='ltr'>sue</span> <span class='ocrx_word' id='word_1_251' title='bbox 1014 4110 1128 4177; x_wconf 89' lang='lat' dir='ltr'>ineptiis</span> <span class='ocrx_word' id='word_1_252' title='bbox 1139 4109 1316 4164; x_wconf 88' lang='lat' dir='ltr'>Polluoianis</span> 
     </span>
     <span class='ocr_line' id='line_1_33' title="bbox 189 4191 1315 4262; baseline 0.005 -21"><span class='ocrx_word' id='word_1_253' title='bbox 189 4191 299 4260; x_wconf 77' lang='lat' dir='ltr'>,spretis</span> <span class='ocrx_word' id='word_1_254' title='bbox 317 4205 455 4259; x_wconf 83' lang='lat' dir='ltr'>papyrum</span> <span class='ocrx_word' id='word_1_255' title='bbox 474 4195 564 4247; x_wconf 89' lang='lat' dir='ltr'>secuti</span> <span class='ocrx_word' id='word_1_256' title='bbox 582 4197 655 4248; x_wconf 90' lang='lat' dir='ltr'>sunt.</span> <span class='ocrx_word' id='word_1_257' title='bbox 702 4194 764 4258; x_wconf 77' lang='lat' dir='ltr'>Qua</span> <span class='ocrx_word' id='word_1_258' title='bbox 782 4196 810 4248; x_wconf 92' lang='lat' dir='ltr'>in</span> <span class='ocrx_word' id='word_1_259' title='bbox 829 4211 860 4249; x_wconf 90' lang='lat' dir='ltr'>re</span> <span class='ocrx_word' id='word_1_260' title='bbox 879 4196 971 4250; x_wconf 91' lang='lat' dir='ltr'>solum</span> <span class='ocrx_word' id='word_1_261' title='bbox 990 4196 1132 4250; x_wconf 83' lang='lat' dir='ltr'>Blossium</span> <span class='ocrx_word' id='word_1_262' title='bbox 1150 4196 1190 4260; x_wconf 76' lang='lat' dir='ltr'>[in</span> <span class='ocrx_word' id='word_1_263' title='bbox 1209 4195 1250 4248; x_wconf 92' lang='lat' dir='ltr'>ed.</span> <span class='ocrx_word' id='word_1_264' title='bbox 1270 4195 1315 4262; x_wconf 89' lang='lat' dir='ltr'>ll),</span> 
     </span>
     <span class='ocr_line' id='line_1_34' title="bbox 188 4278 1316 4349; baseline 0.003 -18"><span class='ocrx_word' id='word_1_265' title='bbox 188 4279 331 4345; x_wconf 53' lang='lat' dir='ltr'>&gt;quantum</span> <span class='ocrx_word' id='word_1_266' title='bbox 358 4278 450 4342; x_wconf 89' lang='lat' dir='ltr'>video,</span> <span class='ocrx_word' id='word_1_267' title='bbox 478 4281 701 4334; x_wconf 88' lang='lat' dir='ltr'>consentientem</span> <span class='ocrx_word' id='word_1_268' title='bbox 727 4281 839 4335; x_wconf 86' lang='lat' dir='ltr'>habent.</span> <span class='ocrx_word' id='word_1_269' title='bbox 885 4281 977 4335; x_wconf 72' lang='lat' dir='ltr'>Ce&#39;eri</span> <span class='ocrx_word' id='word_1_270' title='bbox 996 4282 1139 4336; x_wconf 86' lang='lat' dir='ltr'>Pollucem</span> <span class='ocrx_word' id='word_1_271' title='bbox 1160 4282 1240 4349; x_wconf 87' lang='lat' dir='ltr'>sequi</span> <span class='ocrx_word' id='word_1_272' title='bbox 1257 4294 1316 4334; x_wconf 87' lang='lat' dir='ltr'>me·</span> 
     </span>
    </p>
   </div>
   <div class='ocr_carea' id='block_1_10' title="bbox 0 0 1477 4928">
    <p class='ocr_par' dir='ltr' id='par_1_12' title="bbox 0 0 1477 4928">
     <span class='ocr_line' id='line_1_35' title="bbox 0 0 1477 4928; baseline 0 0"><span class='ocrx_word' id='word_1_273' title='bbox 0 0 1477 4928; x_wconf 95' lang='lat' dir='ltr'> </span> 
     </span>
    </p>
   </div>
  </div>
 </body>
</html>
