2924 4928
656 320 717 422 rra

122 564 224 629 verbis
246 565 352 646 paullo
375 565 446 649 post
468 565 645 629 annotavit:
670 566 789 627 οὗτοι
813 565 886 648 μὲν
916 565 1051 627 οὖν-
1074 582 1116 628 sc.
1140 563 1168 627 ol
1191 565 1248 640 είς-

122 676 259 751 αγωγεῖς
282 706 324 716 -
347 668 506 744 ταύτας
532 667 713 746 δικάζουσιν
735 666 893 752 ἐμμήνους
915 666 1100 750 εἰςοίγοντες.
1147 666 1246 746 Quam

122 771 161 834 ob
184 790 248 834 rem
271 789 330 834 non
356 770 512 854 intellego,
537 788 591 834 cnr
605 769 709 834 Keilio
731 769 803 833 inde
826 769 893 834 fons
917 786 996 833 anno
1015 767 1079 832 342
1095 769 1249 850 antiquior

122 873 353 940 concludendus
376 875 478 939 fuerit.
523 873 706 938 Aristoteles
730 874 811 937 sicut
833 890 904 937 cum
929 869 1043 957 [hem]
1067 870 1151 934 33.1
1176 889 1249 936 con-

122 976 215 1057 gruit,
248 976 301 1057 qui
333 975 400 1058 lege
432 977 518 1040 nisus
541 984 606 1050 τοῖς
628 974 770 1060 ἐμπόροις
791 975 870 1037 είναι
893 975 948 1048 τὰς
971 972 1060 1048 δίκας
1082 976 1157 1057 πρὸς
1178 975 1249 1048 τοὺς

123 1078 328 1164 θεσμοθέτας
351 1079 520 1156 contendit,
552 1079 597 1143 ita
619 1078 741 1163 [Dem]
765 1078 794 1142 7.
822 1076 872 1156 12,
904 1076 954 1158 qui
979 1077 1035 1141 has
1058 1078 1143 1139 κατὰ
1166 1086 1249 1161 μήνα

123 1183 272 1265 nominat,
297 1183 408 1247 saltem
434 1200 491 1246 non
516 1182 670 1246 contraria
693 1181 792 1245 dccet.
831 1178 920 1259 cuod
943 1183 1046 1244 autem
1069 1180 1100 1243 in
1126 1199 1192 1261 cap.
1208 1180 1250 1243 59

125 1302 183 1347 non
208 1286 340 1367 legimus
364 1285 535 1369 ἐμπορικὰς
558 1282 647 1358 δίκας
669 1282 825 1368 ἐμμήνους
848 1283 953 1361 fuisse,
986 1282 1166 1366 philosopho
1184 1282 1249 1366 jam

123 1387 205 1451 hanc
228 1388 354 1454 obrem
377 1405 437 1451 non
460 1386 622 1468 opprobrio
646 1385 718 1451 dare
741 1404 915 1469 possumne,
950 1386 1022 1467 quia
1045 1385 1155 1450 similis
1178 1404 1250 1468 pec-

123 1492 188 1555 cati
209 1492 330 1556 veniam
354 1491 476 1572 saepius
500 1509 518 1554 a
541 1490 629 1555 nobis
651 1490 840 1570 impetravit.
895 1490 1003 1571 ltaque
1035 1489 1100 1552 veri
1126 1488 1251 1553 similli-

126 1613 211 1658 mum
235 1594 341 1671 restat,
365 1593 446 1675 quod
469 1594 561 1657 antea
584 1592 779 1675 conjecerunt
795 1590 1251 1672 (Meier-Schcmann-Lipsius,

126 1696 193 1760 Att.
209 1697 298 1761 Proo.
315 1716 344 1779 p.
361 1696 416 1778 ct)
440 1697 471 1760 et
493 1696 565 1760 Keil
588 1696 702 1759 frustra
723 1694 927 1778 impugnavit,
952 1693 1041 1770 δίκας
1063 1694 1249 1778 ἐμπορικὰς,

124 1800 312 1881 simulatque
329 1800 367 1863 ad
383 1799 608 1864 thesmothetas
625 1798 743 1863 delatae
758 1800 870 1875 essent,
887 1797 1042 1883 ἐμμήνους
1058 1798 1155 1863 factas
1172 1815 1249 1863 esse.

229 1901 273 1968 nd
297 1922 329 1985 p.
356 1906 390 1967 lo
413 1922 462 1985 sq.
516 1903 549 1967 Si
579 1901 693 1965 librum
726 1902 761 1967 R.
785 1901 1018 1966 Reitzensteinii
1051 1899 1252 1979 (Geschiehte

125 2004 181 2069 der
202 2005 411 2088 griechischen
432 2005 657 2089 Etymclogica,
680 2004 807 2087 Leipzig
825 2004 922 2084 1897)
947 2004 1070 2086 plenum
1095 2004 1249 2069 doctrinae

126 2108 159 2172 et
180 2109 331 2172 acuminis
355 2109 459 2190 paullo
482 2110 552 2173 ante
575 2108 732 2191 perlegere
755 2107 832 2171 mihi
854 2107 1003 2185 licuisset,
1026 2108 1126 2172 multa
1145 2108 1176 2170 in
1192 2107 1250 2171 hac

126 2212 319 2293 paragrapho
342 2212 433 2276 aliter
460 2211 675 2293 disputassem.
731 2211 831 2288 Nunc,
864 2229 935 2275 cum
965 2211 1175 2294 typographus
1197 2231 1250 2275 ur·

126 2316 230 2396 guent,
255 2335 292 2380 ne
315 2315 346 2378 in
370 2314 518 2380 addendis
541 2314 666 2396 quidem
690 2317 836 2380 annotare
859 2334 993 2398 possum,
1018 2316 1250 2397 quantumnovi

127 2417 199 2482 iude
230 2417 441 2482 addidicerim.
495 2416 554 2481 Sed
587 2436 708 2481 summa
730 2419 900 2482 sententiae
922 2437 1007 2481 meae
1031 2437 1091 2481 non
1114 2418 1252 2500 tangitur

126 2540 225 2604 neque
257 2521 362 2586 desino
395 2520 586 2600 contendere,
618 2522 702 2586 locos
725 2523 774 2586 llt.
798 2523 841 2585 Μ.
866 2522 975 2586 adres
999 2523 1138 2603 publicas
1166 2522 1251 2604 judi·

126 2622 282 2704 cialesque
299 2623 537 2688 Atheniensium
560 2625 748 2706 pertinentes
771 2624 892 2688 minimi
915 2643 982 2688 esse
1005 2625 1152 2689 momenti
1168 2642 1251 2688 corn·

128 2729 244 2808 paratis
268 2727 338 2791 aliis
361 2727 393 2792 et
415 2728 521 2793 lexicis
543 2730 575 2791 et
597 2727 731 2792 scholiis.

231 2828 279 2893 nd
305 2847 335 2910 p.
358 2831 409 2894 36.
455 2830 489 2892 ln
513 2829 616 2912 glossa
638 2830 900 2910 Harpocrationea
923 2848 947 2892 s.
970 2849 999 2892 ν.
1023 2827 1141 2891 ethera
1163 2847 1182 2892 a
1204 2848 1253 2892 me

127 2930 281 3011 exscripta
303 2931 460 2996 intercidit
482 2933 586 2996 littera
607 2954 628 3016 γ
651 2933 740 2997 initio
763 2932 847 2997 vocis
869 2931 1006 3016 γνήσιος.

235 3034 283 3096 nd
308 3054 338 3115 p.
361 3037 407 3098 43
431 3054 500 3100 ann.
525 3041 544 3099 Ι.
591 3036 664 3100 Voci
688 3044 777 3119 κοινή
805 3035 872 3119 jota
904 3035 1093 3117 adscriptum
1123 3035 1254 3098 redden-

129 3134 206 3199 dum
229 3136 286 3200 est.
811 3141 814 3146 ’

231 3240 278 3303 nd
302 3258 331 3321 p.
355 3242 408 3304 52.
454 3239 538 3319 Quae
561 3241 667 3306 Victor
689 3241 780 3304 Hahn
799 3241 831 3304 in
849 3241 1077 3304 commentariis
1099 3240 1255 3304 societatis

128 3343 305 3424 philolcgae
328 3343 546 3426 Leopolitenae
577 3344 693 3409 alud.
718 3343 897 3408 cwiklinsli
929 3344 1028 3419 editis,
1062 3344 1115 3425 qui
1147 3343 1255 3406 inscri-

131 3447 246 3510 lruntur
271 3447 370 3519 „llos“
397 3447 471 3530 (vol.
495 3447 551 3510 Ill.
576 3449 651 3511 fasc.
678 3449 706 3513 l.
729 3467 758 3529 p.
785 3447 845 3509 114
868 3451 939 3529 sq.),
974 3446 1079 3510 contra
1102 3445 1255 3510 Wilamo·

93 3626 96 3630 ι
134 3550 269 3614 nitzium
293 3549 473 3632 disputavit,
497 3550 574 3614 mihi
595 3551 651 3615 hoc
674 3550 797 3614 demum
822 3567 900 3613 auno
923 3569 939 3612 e
962 3567 1090 3614 censura
1112 3549 1145 3612 Z.
1162 3549 1257 3612 Dem-

133 3653 257 3717 hitterii
277 3653 510 3728 (Wochenschr.
534 3653 555 3717 f.
578 3653 672 3717 klass.
690 3653 769 3717 Phil.
789 3651 880 3716 1897.
899 3672 929 3734 p.
948 3651 1024 3729 181)
1046 3652 1256 3729 innotuerunt,

130 3773 202 3820 oum
227 3756 499 3820 dissertatiuncula
522 3776 591 3822 mea
609 3755 674 3838 jam
699 3756 804 3836 praelo
827 3755 899 3819 data
922 3756 1011 3820 esset.
1050 3753 1205 3833 Quantum
1222 3773 1258 3818 ex

130 3858 325 3923 enarratione
349 3859 525 3940 argumenti
547 3878 566 3921 a
589 3858 797 3923 Demhitzerio
821 3858 958 3922 confecta
980 3857 1122 3940 intellegi
1144 3858 1256 3939 potest,

134 3961 226 4025 Hahn
257 3962 478 4045 gravissimum
511 3962 734 4027 adminiculum
767 3962 937 4026 sententiae
961 3960 1259 4025 Wilamowitzianae

132 4065 164 4128 in
186 4066 290 4130 verbis
313 4065 394 4129 Poll.
418 4065 503 4131 Vlll.
527 4064 656 4128 sss-92
686 4085 756 4130 eum
779 4065 908 4129 Aristot.
932 4083 998 4145 cap.
1023 4063 1148 4126 55-61
1173 4082 1258 4128 οοιυ-

132 4168 248 4248 paratis
272 4169 408 4249 positum
431 4187 490 4233 non
513 4168 720 4233 labefactasse
742 4168 874 4233 videtur.
913 4167 1071 4232 Pollucem
1088 4165 1126 4230 ad
1142 4166 1259 4231 ceteros

131 4271 228 4336 libros
261 4272 495 4337 conscribendos
526 4274 648 4355 praeter
679 4272 793 4336 usitata
826 4271 1004 4354 posterioris
1027 4270 1138 4335 aetatis
1161 4269 1260 4335 lexico
