2924 4928
646 334 770 411 Ι60

189 554 276 619 Cant.
300 557 367 620 tum
390 553 501 620 Pollux
523 573 580 620 sna
602 554 716 619 hausit.
761 553 892 632 Nomen,
925 551 1006 635 quod
1028 551 1100 617 huic
1122 554 1167 615 rei
1188 548 1315 625 indidit,

188 657 260 738 quin
283 656 423 721 evertis
446 656 537 721 Dem.
560 656 612 720 57.
635 655 679 720 66
710 653 915 741 θεσμοθέτας
938 652 1121 738 ἀνακρίνετε
1151 653 1201 718 vel
1224 651 1316 716 sirni-

187 757 269 821 lihus
291 757 398 822 fictum
422 758 472 836 sit,
496 777 557 823 non
581 758 697 823 dubito.
754 756 972 837 Quaestionem
995 763 1098 822 autern
1121 756 1200 838 legis
1224 755 1251 818 εἰ
1274 754 1318 816 τὰ

188 859 266 945 τέλη
289 859 376 924 τελεῖ
398 861 509 926 Pollux
531 861 597 944 ipse
620 859 775 924 adfinem
801 860 993 943 transposuit
1024 846 1131 924 etita
1153 858 1316 940 permuta·

188 963 242 1037 vit,
266 964 301 1026 ut
324 963 476 1028 sententia
499 980 622 1045 prorsus
646 963 708 1027 alia
730 962 902 1028 efficeretur
932 981 968 1027 ac
1000 980 1077 1044 quae
1099 962 1168 1044 lege
1192 959 1317 1041 signifi-

189 1069 257 1129 cata
289 1067 365 1131 erat.
419 1065 528 1147 Neque
561 1066 690 1145 cogitari
721 1066 824 1147 potest
846 1065 1006 1130 Pollucem
1037 1064 1086 1128 his
1108 1061 1211 1129 verbis
1232 1062 1317 1126 tem-

188 1185 262 1249 pora
285 1169 458 1251 antiquiora
481 1170 640 1251 respicere,
672 1188 742 1235 cunr
766 1169 967 1252 magistratus
989 1186 1045 1250 pro
1068 1185 1162 1232 censu
1184 1166 1316 1248 quisque

189 1271 443 1354 designabantur.
488 1273 555 1337 Hoc
578 1273 698 1337 tantum
714 1272 785 1336 inde
802 1272 986 1350 evincimur,
1008 1270 1130 1336 Polluci
1153 1269 1243 1344 τέλος
1264 1268 1316 1332 hio

189 1373 269 1436 sicut
292 1373 368 1438 alibi
390 1373 473 1438 idem
496 1392 531 1438 ao
554 1372 686 1459 τίμημα,
705 1374 762 1439 hoc
786 1376 833 1438 est
856 1392 992 1450 censum,
1015 1373 1188 1456 algnifioere
1210 1369 1317 1437 risum

189 1494 288 1539 esse..
313 1475 412 1555 Quam
435 1477 473 1541 ob
497 1496 564 1540 rem
587 1479 798 1559 quaestionem
820 1475 899 1541 hanc
915 1477 1136 1558 interpretatus
1151 1476 1208 1554 est,
1232 1477 1317 1540 tam-

189 1597 281 1660 quam
314 1579 474 1644 archontes
506 1579 777 1662 interrogarentur,
810 1597 886 1642 num
919 1597 1028 1643 census
1059 1576 1119 1643 sihi
1154 1575 1317 1659 legitImus

189 1683 278 1760 esset,
314 1686 439 1760 utnon,
474 1682 555 1764 quod
578 1682 718 1758 debehat,
752 1700 825 1745 num
848 1680 967 1745 tributa
990 1680 1155 1746 solverent.
1211 1678 1316 1744 Minus

191 1785 272 1848 certe
295 1785 425 1867 judicari
448 1785 522 1849 licet
545 1784 582 1849 de
606 1785 714 1850 ceteris
744 1784 963 1849 additamentis
986 1802 1004 1847 a
1026 1782 1154 1848 Polluce
1176 1781 1227 1845 hic
1249 1780 1317 1846 illic

191 1892 227 1963 ἐξ
251 1887 378 1949 85-91
404 1888 563 1970 inspersis.
598 1887 649 1953 Sic
671 1889 809 1970 porticus
831 1887 918 1970 regia
940 1904 1034 1969 prope
1055 1884 1192 1968 lapidem
1207 1886 1238 1968 ¹),
1262 1884 1317 1949 nbi

191 1989 354 2054 archontes
383 1991 540 2073 jurabant,
573 1991 655 2074 apud
678 1991 807 2055 Aristot.
832 1991 903 2055 7.1
937 1989 1201 2068 commemoratur,
1234 1986 1316 2051 undo

191 2093 302 2157 Pollux
323 2093 390 2176 ipse
413 2113 481 2159 eam
503 2094 564 2160 hnc
585 2095 751 2158 transferre
773 2095 884 2176 potuit.
939 2095 997 2160 Jus
1029 2093 1133 2158 autem
1155 2089 1315 2174 supplicii,

191 2195 272 2276 quod
295 2195 407 2261 Pollux
439 2197 551 2281 injuria
582 2197 720 2262 omnium
752 2197 935 2262 archontum
947 2195 971 2279 ²)
1004 2195 1099 2260 fuisse
1126 2195 1211 2273 dicit,
1245 2212 1318 2259 oum

191 2299 466 2365 thesmothetarum
491 2302 612 2365 tanturn
636 2299 726 2378 esset,
756 2318 775 2363 a
797 2298 1005 2364 Demosthene
1026 2298 1059 2363 in
1082 2298 1219 2363 oratione
1243 2295 1317 2360 hri·

192 2402 346 2468 stocratea
369 2403 433 2488 [23.
450 2403 502 2482 31,
523 2403 579 2485 51)
602 2403 724 2485 saepius
746 2402 907 2480 tractatur,
932 2402 964 2465 et
985 2400 1136 2466 termulae
1159 2399 1238 2483 legis
1260 2397 1318 2461 ἐάν

192 2525 237 2580 τις
259 2504 354 2590 κατίῃ
378 2507 448 2569 ὅποι
471 2508 514 2591 μὴ
538 2504 658 2583 ἔξεστιν
689 2505 793 2590 [Dens.
816 2506 869 2570 23.
892 2504 950 2583 51)
973 2524 1021 2586 ap.
1045 2505 1206 2569 Pollucem
1228 2503 1318 2567 VIII.

192 2609 233 2672 sl
267 2612 458 2694 repetuntur.
512 2609 589 2675 Cum
613 2609 734 2674 Polluci
766 2609 860 2674 talem
893 2607 1087 2688 diligentiam
1120 2610 1152 2673 et
1178 2606 1320 2672 studium

191 2714 222 2775 in
246 2712 423 2778 oratoribus
439 2713 542 2777 atticis
557 2712 753 2794 perlegendis
772 2731 861 2794 aegre
878 2711 1061 2788 tribuamus,
1084 2729 1144 2776 non
1167 2709 1319 2788 fallimur,

193 2817 218 2878 si
241 2815 298 2880 hoo
320 2834 438 2897 quoque
460 2817 492 2879 in
514 2815 610 2880 lexico
629 2814 781 2880 rhetorico
805 2813 958 2878 exstitisse
984 2813 1163 2878 conicimus.
1206 2812 1321 2880 Itidem

193 2918 269 2983 fonti
288 2919 354 3001 jam
373 2916 502 3000 supra³l
525 2916 629 2995 verba,
651 2935 728 2998 quae
743 2916 855 2981 Pollux
872 2918 890 2999 §
906 2914 949 2979 90
971 2917 1112 2997 excerpto
1127 2915 1320 2982 Aristoteleo

193 3020 321 3086 inseruiI
345 3021 416 3095 τοὺς
439 3019 471 3083 ἐν
494 3018 589 3103 αἰτίᾳ,
622 3020 799 3103 comparata
820 3018 925 3101 glossa
948 3018 1101 3084 PhotIana
1132 3038 1157 3084 s.
1178 3038 1208 3083 v.
1239 3017 1320 3103 ἡγε-

194 3122 284 3208 μονία
306 3121 520 3207 δικαστηρίου,
555 3122 682 3186 reddere
705 3142 797 3188 ausus
822 3141 901 3188 sum.
956 3119 1045 3200 Quod
1076 3139 1146 3187 curn
1173 3139 1321 3206 supremo

197 3227 335 3292 eiusdem
360 3226 546 3309 paragraphi
576 3226 735 3290 enuntiato
761 3227 861 3290 facere
892 3244 1004 3303 vercor,
1039 3226 1099 3292 etsi
1130 3225 1231 3290 certus
1259 3243 1322 3289 non

195 3349 273 3409 sum,
307 3329 467 3394 Pollucine
501 3328 562 3411 ipsi
584 3328 783 3394 tribuendum
806 3328 857 3392 sit.
902 3327 970 3392 Hoc
993 3328 1115 3393 tantum
1137 3327 1209 3405 scio,
1241 3327 1322 3391 Pol·

193 3432 295 3496 lncem
318 3451 354 3497 ea
376 3451 418 3505 re,
453 3432 534 3513 quod
556 3431 637 3514 regis
660 3431 823 3515 conjugem
845 3427 1032 3514 βασίλισσαν
1063 3449 1124 3497 non
1155 3427 1323 3516 βασίλειαν

195 3538 248 3599 aut
258 3533 403 3620 βασιλίδα
420 3533 600 3612 nominavit,
611 3552 629 3597 a
639 3533 811 3614 praeceptis
828 3530 965 3613 aequalis
974 3531 1143 3616 Phrynichi
1159 3530 1323 3615 distare).

194 3638 255 3702 Hic
278 3638 360 3704 enim
382 3636 413 3700 in
428 3636 527 3719 primo
551 3634 690 3720 ἐκλογῆς
711 3635 790 3700 libro
805 3636 884 3699 hanc
898 3653 1005 3699 vocem
1020 3653 1039 3699 a
1053 3635 1160 3704 limine
1175 3635 1325 3715 removit,

301 3932 325 3996 1)
345 3930 539 3993 Wachsmuth,
557 3929 638 3983 Stadt
654 3929 747 3983 Athen
764 3928 795 3981 ll.
814 3942 840 3996 p.
859 3928 918 3982 352.

298 4017 326 4082 2)
344 4015 733 4082 Meier-sohomann-nipsius,
751 4014 807 4069 Att.
826 4013 905 4073 Pron.
923 4014 940 4067 l.
959 4029 985 4082 p.
1003 4014 1038 4068 55
1057 4028 1120 4069 ann.
1138 4014 1180 4068 36.

298 4105 327 4255 dh
344 4103 430 4242 dddd
449 4187 551 4250 Schell,
579 4188 624 4242 die
636 4188 746 4254 Ekloge
764 4187 813 4241 des
828 4187 979 4241 Atticisten
991 4186 1177 4254 Phrynichos.
1207 4184 1321 4242 Miinch.

196 4273 387 4341 Sitnungsher.
407 4273 482 4328 1896.
500 4288 526 4340 p.
540 4274 599 4327 514.
