2924 4928
715 337 755 400 51

168 561 281 619 orares,
308 542 476 607 Androtion
499 542 550 624 (fr.
572 542 606 620 3)
636 541 800 625 apodeotes
822 543 854 607 et
885 543 1052 608 colacretas
1073 559 1295 606 commemora·

169 647 289 723 verunt,
321 645 374 709 ubi
405 645 630 726 rempublicam
664 665 682 709 a
716 644 872 710 Clisthene
894 646 1100 727 permutatam
1124 645 1295 727 descripse-

168 751 250 814 runt.
297 747 499 813 Philochorus
523 747 560 812 de
583 747 765 813 ostracismo
789 749 862 832 (frg.
885 746 960 830 79¹³)
984 748 1063 812 libro
1085 748 1131 811 ΙΙΙ
1156 747 1296 830 exposuit

169 853 190 916 i.
223 871 250 916 e.
282 870 317 917 eo
348 850 437 929 libro,
468 849 522 915 ubi
555 849 592 914 de
616 850 784 929 (distheos,
817 870 836 915 a
865 870 925 933 quo
947 853 1005 917 hoc
1026 852 1205 916 institutum
1227 851 1295 932 loge

170 957 312 1020 sanctum
337 972 403 1019 esse
425 953 593 1033 contendit,
619 953 764 1019 disseruit
775 954 811 1039 ¹).
864 955 937 1018 Alia
964 973 1023 1020 non
1047 956 1113 1020 tem
1135 954 1296 1036 perspicue

170 1061 251 1137 sunt,
280 1057 333 1123 sed
356 1059 469 1135 tamen,
506 1056 622 1139 opinor,
656 1057 707 1121 vix
729 1075 913 1139 quemquam
936 1056 1144 1124 adversarium
1166 1056 1294 1122 hebebi-

168 1180 248 1240 mus
289 1162 316 1225 si
338 1161 534 1241 nepahimus,
569 1161 608 1224 ab
642 1162 704 1224 utto
728 1161 979 1244 Atthidoprspho
1011 1181 1156 1244 umquem
1180 1165 1293 1226 statum

168 1265 363 1349 reipubticae
404 1264 642 1328 Atheniensium
681 1265 728 1330 sic
764 1263 957 1348 descriptum
1000 1283 1092 1346 esse,
1135 1269 1168 1328 ot
1211 1263 1294 1347 apud

169 1369 372 1432 Aristotelem
397 1368 541 1448 tepimus.

272 1467 391 1548 Quibus
422 1468 514 1533 rebus
543 1469 703 1551 perpensis
726 1468 757 1532 et
780 1468 999 1547 consideratis,
1031 1486 1100 1533 cum
1131 1486 1185 1546 ea,
1218 1485 1295 1548 quae

170 1572 379 1637 Wilamouitz
410 1571 548 1653 opponit,
582 1590 692 1653 parum
714 1572 817 1637 valere
851 1573 882 1636 et
915 1573 1090 1651 auctorem,
1125 1591 1185 1654 quo
1218 1572 1295 1635 duce

169 1675 355 1740 Aristoteles
379 1675 457 1739 hanc
481 1675 581 1757 operis
605 1677 725 1756 partem
750 1694 931 1759 componere
953 1677 1065 1759 posset,
1089 1675 1210 1739 nicilum
1226 1692 1294 1739 um·

168 1797 272 1860 quam,
297 1778 448 1860 quantum
472 1778 596 1855 scimus,
620 1777 716 1844 tuisse
739 1779 917 1857 viderimus,
941 1797 1032 1862 porro
1048 1798 1117 1843 oum
1133 1777 1293 1843 Atthidem

167 1881 251 1945 hunc
284 1881 403 1947 fontem
436 1880 540 1957 fuisse,
576 1882 725 1962 qrsautum
758 1901 773 1946 e
804 1883 869 1946 toto
901 1901 1010 1963 genere
1032 1880 1198 1945 Atthidum
1224 1897 1294 1944 oon·

168 1983 253 2048 cludi
278 1984 391 2066 potest,
415 1983 481 2047 veri
497 1983 742 2048 dissimillimum
758 1985 809 2061 sit,
832 1986 864 2048 in
880 2003 915 2049 eo
938 1983 1193 2067 acquiescendum
1208 1984 1295 2049 uobis

149 2086 229 2164 cst,
262 2086 345 2168 quod
368 2087 468 2169 primo
490 2086 581 2152 initio
614 2087 685 2151 diri.
728 2089 829 2169 tepeo
861 2090 949 2170 ipsae
972 2088 1130 2152 Aristoteli
1163 2089 1294 2170 piurima

171 2189 462 2273 suppeditaverunt,
485 2209 614 2272 quarum
638 2190 751 2254 auxilio
774 2191 853 2254 hano
874 2191 948 2255 libri
969 2191 1088 2273 partem
1104 2189 1295 2271 conscripsit.

171 2294 213 2357 At
241 2292 268 2357 si
291 2292 338 2357 ite
368 2310 416 2357 res
440 2311 472 2357 se
498 2293 622 2371 habent,
646 2293 738 2357 aliter
759 2293 939 2376 explicanda
968 2294 1055 2359 nobis
1087 2294 1169 2377 sunt,
1200 2312 1294 2375 quao-

171 2414 303 2479 cumque
330 2396 451 2478 praeter
473 2395 664 2459 Aristotelea
696 2395 777 2477 apud
808 2397 971 2478 scriptores
1001 2397 1149 2477 posteros
1180 2396 1293 2461 lexico-

171 2501 306 2583 graphos
329 2501 361 2564 et
382 2500 615 2585 grammaticos
646 2501 830 2564 invenimus.
876 2500 935 2565 Sed
957 2501 1135 2582 priusquam
1157 2498 1229 2562 huic
1250 2497 1294 2560 rei

170 2621 221 2667 me
254 2602 338 2666 totus
362 2601 483 2680 dedero,
517 2602 619 2682 capite
652 2603 790 2683 proximo
822 2602 990 2684 disquirere
1020 2601 1152 2679 institui,
1183 2598 1294 2681 quihus

170 2705 350 2770 auctoribus
374 2703 558 2770 Aristoteles
591 2723 647 2769 sua
678 2707 731 2769 aut
753 2707 819 2788 ipse
842 2706 897 2769 ent
919 2724 973 2786 per
994 2705 1109 2770 doulos
1131 2701 1294 2768 nonnullos

170 2807 303 2890 largitus
339 2807 398 2886 sit,
435 2808 466 2872 et
505 2808 656 2890 quatenus
688 2808 763 2874 haec
794 2809 958 2874 auctoritas
989 2807 1167 2872 Aristotelis
1204 2804 1294 2869 certis

170 2909 284 2974 tinibus
308 2911 518 2975 circumscribi
541 2912 648 2993 possit.
695 2910 761 2990 Quo
789 2910 888 2975 officio
911 2912 1016 2975 exacto
1048 2913 1080 2975 et
1111 2910 1198 2975 bonis
1221 2909 1293 2973 Ari·

170 3010 309 3076 stoteleis
337 3013 375 3076 ab
408 3013 517 3077 alicnis
550 3013 696 3096 sejunctis
723 3013 789 3097 jam
820 3015 882 3079 tuti
918 3013 1090 3095 quaestioni
1121 3014 1294 3096 postremae

170 3114 315 3178 accedere
337 3114 517 3196 poterimus.

275 3423 300 3489 1)
319 3421 352 3476 cf.
371 3421 478 3476 Bdokh.
496 3423 514 3476 l.
534 3423 551 3475 l.
576 3437 601 3490 p.
618 3425 678 3477 411.
