2924 4928
754 334 815 397 104

681 425 886 433 -———-

125 540 275 620 μισθοῦσι
319 538 352 601 δὲ
393 537 447 601 roi?
463 538 502 600 10
545 540 598 601 τδν
634 539 768 622 ἀριθμὸν
796 539 857 601 aaa
895 539 934 602 10
972 536 1118 621 &rodomus
1140 539 1184 612 είς
1215 519 1277 600 ἀπὸ
1309 535 1456 621 ἑκάστης

124 639 432 725 μισθώμοιτοιποὶντοι
445 630 447 691 ι
460 641 578 724 ἄνδρες,
598 643 641 716 τίς
658 642 696 704 ἐκ
712 650 769 725 τῆς
795 642 826 704 οἳ
841 644 896 704 κοιὶ
912 643 952 704 τοὶ
970 626 1118 725 strapas-j
1139 639 1253 723 φυλῆς,
1282 639 1388 703 ποίντοι
1414 641 1456 702 τὰ

124 746 180 808 καί
216 746 256 806 τοὶ
290 736 562 827 μέτοιλλοιφυλίς
603 743 765 828 ἑκάστης·
796 743 914 827 κόμενκ
948 744 1008 806 ὑπὸ
1048 730 1118 825 τηςί
1139 741 1277 827 δημόσια
1291 740 1372 826 τέλη
1389 763 1455 804 πω-

124 847 261 911 seiros:
302 849 356 909 καί
393 849 433 909 τοὶ
460 847 609 910 διοικοῦσι
626 847 767 909 δὲτὰπι-
795 845 916 921 πόλεως
934 846 1038 909 πάντα
1054 843 1103 907 τέ·
1139 845 1250 908 λοῦσι·
1276 842 1397 907 ἐπώλει
1420 843 1455 906 δὲ

124 950 272 1034 τέλη...
291 949 664 1034 κοιτοικυ-μπροισκδμενοι
708 950 768 1012 ὑπδ
796 949 838 1033 λη
873 951 928 1011 κοιὶ
961 946 1118 1041 μέταλλοη
1140 951 1196 1011 καί
1226 951 1267 1010 τὰ
1298 946 1455 1030 κτήματα

124 1063 208 1136 ροῠσι
223 1103 230 1116 .
246 1103 253 1116 .
270 1101 277 1117 .
313 1055 368 1115 καὶ
393 1042 447 1116 eal
462 1051 769 1135 τηςπδλεωςποίντοι,
797 1055 852 1115 κοιί
867 1049 1038 1136 μισθώσεις
1050 1046 1119 1117 aui}
1140 1054 1180 1114 τὰ
1203 1049 1417 1136 δημευδμενοι.

126 1156 290 1240 πραθέντα
317 1153 432 1239 μέταλ-
460 1153 539 1237 τέλη
556 1157 611 1218 καὶ
626 1153 770 1239 μέταλλὀι
797 1155 947 1240 κτήματα
971 1124 1119 1238 &append-i

125 1258 168 1323 λοι
189 1258 262 1322 κτλ.
461 1259 517 1319 κοιί
529 1257 699 1342 μισθώσεις
715 1259 770 1319 καὶ
798 1279 875 1343 μενοι
885 1255 1037 1338 πωλοῦσι,
1052 1238 1120 1337 aerii

462 1361 502 1421 τὰ
524 1359 733 1445 δημευόμενα.
797 1358 1031 1444 φροντίζουσιν,
1074 1340 1120 1419 ὅ]

797 1484 862 1538 πως
898 1462 919 1544 ἡ
944 1463 1106 1547 τιμητῶν

446 1566 448 1603 ¹
797 1563 1059 1648 πιπρασκομένων
1072 1563 1122 1669 ἀη

446 1620 449 1764 ί
798 1667 922 1751 ποδοθῇ
939 1677 978 1751 τη
1003 1666 1123 1760 odissi

330 1873 608 1953 Harpocrationem
640 1890 831 1936 communem
863 1872 1022 1936 amborum
1045 1873 1212 1936 lexioorurn
1233 1872 1350 1936 fontem

229 1977 336 2052 fuisse,
374 1975 563 2039 confidentes
595 1994 707 2058 negare
738 1994 914 2057 possumus,
945 1977 1017 2056 quia
1047 1976 1123 2039 haeo
1153 1975 1247 2040 verbo
1278 1977 1351 2056 apto

229 2077 359 2159 πωλεῖν,
394 2079 448 2142 ille
471 2078 575 2160 ampla
597 2079 720 2143 natione
749 2078 876 2141 διοικεῖν
897 2098 971 2142 usus
995 2079 1051 2142 est.
1096 2080 1175 2142 Tum
1197 2078 1256 2142 lex.
1280 2077 1351 2160 Seg.

230 2181 267 2245 V.
290 2183 446 2263 postremo
470 2182 629 2245 enuntiato
652 2200 757 2270 euram
781 2181 944 2263 vestigatis
963 2182 1101 2264 exigendi
1119 2182 1235 2263 attigit,
1258 2199 1352 2262 quam

231 2284 416 2348 Aristoteles
439 2285 490 2348 54.
514 2285 599 2347 3-5
631 2285 697 2348 fuse
720 2285 869 2364 exposuit,
902 2287 939 2348 ab
965 2284 1207 2367 Harpooratione
1229 2285 1353 2348 omnino

231 2388 388 2451 omissam.
443 2387 526 2468 Quae
558 2387 669 2453 Pollux
699 2387 863 2452 Aristoteli
900 2387 1001 2452 aliena
1030 2388 1088 2453 hoo
1119 2387 1186 2453 looo
1222 2386 1353 2464 addidit,

232 2490 366 2571 plurima
397 2511 432 2554 ex
463 2492 551 2572 parte
577 2510 594 2554 e
616 2491 712 2556 lexico
733 2490 887 2555 rhetorico
910 2493 1084 2556 manavisse
1107 2491 1206 2556 oredo.
1250 2491 1354 2555 Verba

231 2594 310 2675 μετὰ
334 2595 387 2655 τὸν
409 2592 557 2677 πρότερον
579 2592 674 2677 λόγον
697 2594 715 2676 ᾗ
740 2593 810 2670 117,
844 2613 912 2658 eum
936 2593 973 2658 de
1000 2593 1126 2676 judiciis
1158 2593 1231 2676 egit,
1262 2613 1355 2676 repo·

231 2695 303 2759 tivit
326 2698 357 2760 et
379 2716 415 2760 ox
430 2697 519 2761 Deru.
535 2695 589 2761 23.
608 2695 652 2759 69
674 2696 762 2761 nobis
784 2697 858 2761 nota
881 2697 963 2760 sunt.
1007 2696 1096 2761 Unde
1120 2696 1292 2761 doctrinam
1316 2696 1355 2760 de

233 2798 371 2878 praeside
393 2798 567 2879 poletarunr
591 2799 767 2880 sumpserit,
798 2799 877 2863 mihi
900 2801 1022 2864 strenue
1045 2800 1218 2875 meditanti,
1246 2800 1283 2864 ut
1304 2799 1356 2863 in-

232 2901 427 2981 vestigarem,
459 2920 520 2964 non
548 2900 688 2982 contigit.
733 2901 897 2980 Metoeoos,
930 2903 983 2984 qui
1006 2902 1157 2967 tributum
1180 2921 1270 2966 suum
1294 2921 1354 2966 non

234 3001 405 3078 solvissent,
439 3004 477 3066 ad
500 3003 556 3067 hos
579 3005 778 3087 magistratus
801 3005 832 3068 in
861 3004 1014 3087 judicium
1037 3006 1199 3070 arcessitos
1222 3024 1298 3082 esse,
1321 3008 1356 3070 et

231 3125 269 3170 ex
300 3105 390 3168 Dem.
421 3106 473 3170 25.
506 3106 546 3167 57
578 3109 693 3171 seimus
724 3110 755 3172 et
787 3108 868 3189 apud
899 3109 1046 3189 Harpoor.
1079 3129 1102 3172 s.
1135 3128 1164 3172 v.
1198 3108 1356 3194 μετοίκιον

233 3228 329 3290 paene
350 3208 461 3273 iisdem
484 3211 585 3275 verbis
608 3213 759 3275 narratur.

316 3381 411 3462 Harp.
434 3401 460 3446 s.
484 3402 511 3446 ν.
536 3380 691 3465 μετοίκιον
954 3384 1034 3447 eon.
1057 3384 1132 3447 Viti.
1157 3387 1213 3448 99.

234 3533 262 3596 οἱ
293 3533 395 3618 μέντοι
428 3537 471 3620 μη
495 3535 635 3612 τιθέντες
658 3540 694 3600 τδ
719 3559 771 3621 με·
815 3537 976 3622 ἀπήγοντο
1025 3536 1060 3598 δὲ
1106 3539 1181 3620 πρὸς
1229 3538 1359 3615 τούτους

233 3635 349 3700 τοίκιον
366 3637 503 3723 μέτοικοι
519 3639 679 3723 ἀπήγοντο
698 3643 772 3723 πμδς
816 3643 870 3703 κοιὶ
894 3640 922 3702 οί
954 3636 1108 3724 μετοίκιον
1131 3641 1174 3724 μη
1199 3639 1355 3718 τιθέντες.

235 3743 306 3816 τοὺς
328 3740 489 3825 πωλητάς.

339 3930 436 3996 Credo
459 3952 508 3996 me
532 3951 590 3997 non
614 3931 692 4009 falli,
715 3931 741 3995 si
764 3950 800 3995 ex
821 3931 879 3996 hoo
902 3950 1050 3997 consensu
1066 3949 1260 3995 communem
1275 3930 1359 3995 Har·

235 4035 405 4115 perlationi
430 4035 610 4116 Polluoique
634 4035 747 4099 iontem
771 4035 893 4117 praesto
909 4034 1005 4098 fuisse
1021 4033 1154 4111 credam,
1178 4032 1261 4098 unde
1275 4033 1359 4098 huno

235 4137 368 4219 primum
393 4156 512 4219 quoque
536 4138 781 4202 additamentum
813 4139 893 4221 μετὰ
915 4140 968 4200 τὸν
990 4136 1139 4221 πρότερον
1162 4135 1257 4220 λόγον
1279 4137 1359 4201 hau-

236 4241 313 4304 sisse
328 4241 392 4304 veri
408 4241 517 4317 simile,
542 4242 673 4305 alterum
689 4241 873 4324 πρυτανεώει
889 4239 915 4303 δ’
930 4239 963 4318 ἐξ
979 4241 1082 4304 αὐτῶν
1098 4243 1154 4323 εἷς,
1181 4241 1214 4316 ὃς
1238 4242 1279 4304 τὰ
1293 4261 1358 4305 πώ-
