2924 4928
710 323 771 386 132

173 524 342 590 milliorum
364 527 420 604 est,
453 526 480 590 si
512 525 636 608 quidem
668 525 769 590 totum
794 525 950 607 Pamphili
984 527 1108 607 pratum
1139 530 1298 611 excerpsit.

173 629 270 711 Atqui
293 629 325 692 id
347 633 450 711 ipsum
481 629 559 693 mihi
591 628 678 693 valde
711 628 839 694 dubium
862 649 929 694 csse
951 629 1084 709 videtur,
1117 631 1299 713 praesertim

175 733 255 815 quia,
288 734 316 798 si
334 733 402 815 jam
425 732 572 797 Vestinus
595 749 631 795 ex
662 750 752 813 opere
777 731 959 813 Pamphilae
982 733 1073 815 pleno
1096 734 1300 798 summarium

174 854 267 918 quam
289 834 505 900 brevissimum
529 835 674 917 quattuor
696 834 784 927 libris
807 835 998 912 confecisset,
1022 836 1214 919 Diogenianc
1230 838 1301 902 usui

175 958 347 1023 pauperum
372 937 547 1003 academiae
570 938 684 1004 civium
696 938 722 1018 ¹)
746 938 908 1021 indulgere
928 958 988 1004 nen
1011 958 1087 1021 opus
1103 941 1179 1004 erat.
1217 939 1300 1004 Nam

175 1049 320 1126 quattuor
343 1044 439 1107 libros
463 1044 592 1125 minoris
616 1062 707 1125 quam
726 1045 861 1126 quinque
884 1046 1064 1108 constitisse
1085 1045 1140 1125 pat
1158 1044 1181 1109 t.
1225 1091 1228 1096 -

277 1144 344 1225 Quo
367 1146 429 1209 alia
451 1164 571 1228 quoque
594 1145 788 1210 ratiocinatio
811 1146 939 1210 accedit.
985 1146 1020 1209 ln
1042 1146 1151 1211 tabula
1174 1147 1298 1228 quidem

173 1249 288 1315 Suidae
315 1249 438 1313 tantum
460 1249 593 1330 legimus
625 1247 801 1333 Οὐηστῖνος
823 1246 963 1331 Ἰούλιος,
998 1248 1161 1334 σοφιστής,
1196 1248 1299 1312 ἐπιτο-

175 1355 237 1439 μὴν
268 1361 330 1416 τῶν
360 1349 529 1435 Παμφίλου
560 1350 726 1433 γλωσσῶν,
763 1351 795 1414 in
827 1351 970 1416 contextu
1002 1353 1105 1416 autem
1138 1351 1195 1415 sub
1225 1370 1300 1416 voce

174 1455 349 1540 Οὐηστῖνος
372 1452 512 1518 additur:
547 1450 706 1538 Ἐκλογὴν
728 1451 888 1536 ὀνομάτων
920 1453 959 1516 ἐκ
990 1460 1052 1517 τῶν
1074 1452 1300 1538 Δημοσθένους

172 1558 308 1646 βιβλίων,
334 1557 474 1641 ἐκλογὴν
497 1556 536 1619 ἐκ
555 1563 615 1618 τῶν
632 1553 839 1637 Θουκυδίδου,
865 1554 995 1639 Ἰσαίου,
1021 1555 1221 1641 Ἰσοκράτους
1245 1559 1300 1620 καὶ

174 1660 390 1746 Θρασυμάχου
425 1667 480 1722 τοῦ
513 1659 642 1744 ῥήτορος
673 1660 729 1722 καὶ
763 1665 824 1722 τῶν
862 1657 967 1723 ἄλλων
1005 1659 1155 1745 ῥητόρων.
1212 1659 1300 1725 Sicut

174 1764 358 1848 Diogeniaui
388 1761 674 1846 Περτερμοπένητες
706 1761 737 1824 et
768 1759 849 1839 λέξις
884 1761 1069 1847 παντοδαπή
1107 1763 1190 1827 idem
1222 1781 1299 1845 opus

173 1869 269 1933 luisse
292 1866 426 1933 creditur
437 1867 470 1949 ²),
495 1867 576 1931 sicut
592 1866 750 1948 Pamphili
773 1866 890 1931 lexicon
915 1865 1025 1931 Suidas
1048 1867 1138 1932 initio
1161 1865 1299 1951 lespera

174 1972 358 2050 nominavit,
391 1971 458 2034 tum
486 1969 587 2034 verbis
610 1971 680 2052 περὶ
701 1967 856 2053 γλωσσῶν
878 1969 949 2051 ἤτοι
972 1967 1085 2046 λέξεων
1109 1969 1184 2033 item
1206 1969 1299 2050 atque

174 2076 353 2140 Athenaeus
377 2072 432 2137 lX.
455 2072 519 2136 388
542 2073 581 2137 D.
604 2071 679 2136 XIV
702 2071 766 2134 650
788 2073 813 2135 Ε
837 2072 950 2137 melius
981 2073 1081 2137 verbis
1105 2075 1174 2156 περὶ
1195 2071 1300 2155 γλωσ-

174 2187 237 2243 σῶν
252 2180 307 2240 καὶ
321 2175 517 2260 coeperam)
540 2180 756 2259 argumentum
773 2175 946 2256 descripsit,
964 2176 1069 2241 eodem
1087 2175 1178 2240 modo
1194 2176 1300 2241 nostro

173 2283 251 2360 loco,
273 2280 396 2363 qualem
419 2278 478 2344 sihi
499 2281 689 2361 provinciam
712 2279 859 2343 Vestinus
883 2299 899 2343 e
923 2279 1016 2344 Prato
1040 2279 1223 2361 Pamphileo
1247 2280 1299 2344 de-

173 2385 356 2468 pascentem
381 2383 535 2466 elegisset
568 2383 696 2447 Suidam
718 2384 767 2447 vel
798 2383 902 2464 potius
924 2383 1115 2466 Hesychium
1139 2383 1298 2448 Milesium

173 2487 363 2572 significasse
387 2487 477 2552 crede
500 2486 601 2551 verbis
625 2485 766 2570 ἐκλογὴν
789 2485 948 2569 ὀνομάτων
971 2504 1017 2567 sq.

276 2590 333 2656 Cui
355 2591 546 2674 conjecturae
568 2589 650 2654 haud
682 2589 745 2653 seio
768 2607 807 2653 an
840 2588 1012 2653 observatio
1046 2588 1169 2652 aliunde
1201 2588 1299 2670 petita

173 2695 285 2760 faveat.
338 2693 419 2758 Nam
452 2694 478 2757 si
512 2692 658 2758 Vestinus
696 2711 787 2756 unam
826 2692 949 2756 tantum
984 2694 1091 2775 operis
1125 2693 1297 2775 Pamphilei

173 2803 293 2881 partem
318 2797 496 2879 exscripsit,
531 2797 647 2861 certam
680 2795 835 2878 quandam
868 2795 1020 2861 rationem
1054 2815 1125 2866 eum
1156 2796 1297 2860 secutum

173 2920 239 2966 esse
262 2902 409 2965 attalem
433 2900 636 2983 partemsibi
659 2899 842 2978 vindicasse,
877 2919 956 2982 quae
990 2902 1069 2965 inter
1102 2920 1175 2965 sese
1196 2905 1297 2965 totum

173 3005 287 3087 aliquid
311 3005 461 3082 eliceret,
486 3022 541 3086 per
563 3022 595 3068 sc
618 3004 683 3068 veri
706 3004 809 3068 simile
833 3004 889 3068 est.
936 3001 1073 3080 Constat,
1097 3003 1298 3084 Pamphilum

173 3109 215 3172 95
238 3108 333 3172 libros
357 3106 585 3188 conscripsisse,
619 3126 674 3188 per
709 3125 785 3188 quos
817 3105 968 3188 quomodo
999 3105 1121 3170 litterae
1143 3105 1185 3168 24
1207 3126 1298 3168 α-ω

172 3210 355 3276 distributae
387 3208 459 3286 sint,
494 3208 595 3273 adhuc
625 3209 813 3292 ignoramus.
872 3208 905 3274 Si
937 3208 1090 3290 ponimus,
1128 3212 1297 3291 quaternos

173 3316 269 3379 libros
292 3314 351 3377 sub
383 3314 537 3395 ampliore
561 3313 696 3395 quodam
720 3315 808 3377 titulo
832 3314 1018 3396 conjunctos
1039 3313 1151 3391 fuisse,
1187 3316 1298 3393 quater

172 3423 204 3481 et
227 3419 344 3481 viciens
368 3417 507 3498 quaterni
530 3421 601 3479 sunt
625 3418 789 3497 nonaginta
813 3434 871 3479 sex
894 3415 925 3478 h.
943 3435 970 3478 e.
986 3415 1047 3479 scre
1064 3432 1186 3478 summa
1200 3413 1297 3477 totius

172 3520 283 3603 operis.
330 3518 380 3582 Sic
403 3520 524 3582 numeri
545 3519 695 3583 librorum
718 3521 750 3583 ct
772 3518 930 3600 Pamphili
952 3519 983 3582 et
1001 3516 1122 3582 Vestini
1144 3516 1221 3580 bene
1244 3535 1297 3579 ex-

172 3622 336 3705 plicantur.
381 3621 417 3684 ln
440 3621 591 3686 eiusmodi
614 3623 718 3685 auteur
737 3620 893 3703 opusculo,
918 3620 1007 3702 quale
1027 3619 1117 3683 mode
1134 3639 1152 3683 a
1168 3618 1296 3683 Vestino

171 3797 428 3806 ——.-———.

278 3909 301 3977 1)
329 3911 363 3964 cf.
381 3910 532 3977 epistulam
550 3909 685 3977 Hesychii
711 3910 747 3963 ad
773 3910 924 3976 Eulogium
951 3925 975 3964 a.
1002 3909 1036 3963 M.
1055 3909 1209 3982 Schmidtio
1240 3909 1297 3962 edi·

172 3998 243 4052 ttoni
261 3997 426 4063 praefixam.

275 4082 302 4149 2)
329 4083 521 4137 Reitzenstein
539 4083 556 4135 l.
574 4083 592 4135 l.
610 4097 636 4149 p.
648 4083 708 4137 456.
721 4097 784 4136 ann.
799 4083 822 4136 1.
858 4082 1053 4136 Sohiinemann
1073 4082 1090 4134 1.
1109 4081 1126 4134 l.
1145 4096 1170 4148 p.
1184 4079 1295 4134 82-83.

275 4169 301 4235 3)
330 4170 363 4222 cf.
398 4168 433 4222 M.
469 4168 604 4231 Schmidt,
641 4169 749 4235 quaest.
779 4169 900 4236 Hesyoh.
937 4183 962 4235 p.
998 4167 1055 4220 LX.
1101 4167 1296 4226 Reitzenstein

172 4257 190 4309 l.
209 4256 226 4308 l.
244 4268 269 4322 p.
288 4255 348 4308 455.
