2924 4928
596 250 637 314 47

515 340 721 349 ——-—

52 450 172 516 laetum
194 452 253 529 est,
275 453 311 516 ut
332 451 414 516 inter
433 452 537 519 officia
559 457 685 520 senatus
708 453 908 519 describenda
930 454 1092 520 nonnullos
1111 474 1179 520 ma·

53 553 204 636 gistratus
226 556 308 619 sorte
330 554 438 620 ductos
460 556 694 634 intermisceret,
726 557 780 640 qui
803 575 874 621 cum
896 556 951 620 illo
974 559 1039 621 arte
1067 558 1178 623 cohae-

52 657 164 721 rerent.
212 657 274 722 Sed
295 658 327 722 in
350 659 526 724 universum
548 660 698 746 propositi
729 661 821 725 tenax
851 660 912 724 fuit
942 660 1047 742 itaque
1079 661 1180 745 ἀρχὰς

53 759 221 846 κληρωτάς
243 779 310 847 cap.
335 761 386 826 43.
409 760 530 826 2-61
555 764 740 847 percensuit,
764 782 839 845 quas
862 782 880 828 a
903 763 1003 847 capite
1025 763 1065 826 61
1084 763 1180 848 ἀρχαὶ

53 861 274 947 χειροτονητοιί
305 865 429 929 secutae
461 869 543 930 sunt.
596 867 664 932 Hoc
693 868 798 931 antem
820 885 917 947 genus
940 866 1180 949 magistratuum

55 983 107 1029 cnr
137 965 204 1029 tam
235 966 343 1049 paucis
373 967 476 1032 verbis
508 968 685 1046 absolverit,
717 988 752 1034 eo
783 988 927 1034 excusare
959 969 1067 1048 solent,
1099 969 1179 1051 qnod

54 1069 124 1132 ante
139 1087 208 1151 cap.
223 1067 263 1131 61
287 1068 398 1134 lacuna
416 1088 530 1153 magua
551 1071 628 1150 hiat,
652 1090 713 1153 qua
734 1071 957 1137 interciderunt
980 1072 1180 1155 magistratus

55 1171 86 1234 iu
105 1171 343 1252 quadriennium
360 1173 465 1252 creati,
488 1172 574 1238 velut
596 1173 709 1258 ταμίας
732 1182 794 1238 τῶν
817 1182 1061 1258 στρατιωτικῶν,
1086 1173 1114 1237 oi
1130 1173 1181 1235 ἐπὶ

55 1276 89 1336 τὸ
121 1274 298 1358 θεωρικόν,
332 1275 349 1338 d
381 1283 444 1340 τῶν
475 1284 598 1362 κρηνῶν
630 1276 835 1362 ἐπιμελητής.
899 1276 958 1341 Sed
990 1296 1048 1341 nou
1080 1277 1181 1340 solum

55 1376 212 1460 Pollnx¹)‚
240 1396 347 1443 rerum
370 1379 464 1443 etiam
488 1379 711 1464 Harpocration
737 1398 796 1444 non
820 1380 909 1463 plura
932 1397 968 1442 ac
990 1398 1043 1444 nos
1067 1378 1180 1461 legisse

55 1480 185 1544 videtur.
230 1477 318 1560 Quod
342 1486 504 1566 propterea
527 1483 592 1546 reri
614 1482 715 1547 simile
738 1500 804 1546 esse
828 1483 913 1566 puto,
946 1481 1026 1561 quia,
1051 1480 1077 1544 si
1100 1480 1181 1543 llar-

57 1583 211 1666 pocration
239 1583 399 1648 habuisset
430 1585 556 1668 plenum
586 1584 711 1662 librum,
744 1585 775 1648 in
808 1601 881 1649 voce
915 1582 1055 1666 decepturi
1087 1583 1181 1646 inter-

57 1686 207 1770 pretanda
228 1687 260 1751 in
283 1686 401 1770 primis,
435 1705 504 1752 cum
529 1688 623 1753 rerba
645 1688 802 1765 scriberet,
834 1688 874 1770 ἠν
897 1686 932 1749 δὲ
955 1685 1038 1770 ἀρχή
1063 1707 1108 1760 τις
1130 1686 1182 1748 ἐπὶ

55 1798 108 1854 τοῦ
131 1790 302 1873 θεωρικοῦ,
335 1791 401 1856 sine
433 1789 526 1855 dubio
558 1791 640 1855 hunc
673 1791 789 1856 fontem
812 1790 939 1855 laudare
963 1808 1022 1854 nou
1046 1789 1181 1874 praeter·

55 1892 200 1957 misisset.
260 1891 377 1958 Ceteris
410 1893 491 1958 euim
524 1893 615 1971 locis,
649 1894 835 1975 ubicumque
867 1893 896 1957 ei
927 1893 1046 1958 occasio
1080 1891 1181 1973 operis

55 1994 238 2060 Aristotelei
275 1996 439 2080 praecipue
471 1997 647 2081 posterioris
681 1997 778 2081 partis
809 1996 983 2061 laudandae
1021 1997 1093 2062 dala
1124 1996 1180 2071 est,

55 2116 222 2179 numquam
245 2097 278 2162 id
301 2098 416 2164 oblitus
440 2100 497 2178 est,
528 2101 568 2164 cl.
593 2101 726 2185 exempli
747 2100 850 2183 gratia
872 2120 897 2165 s.
920 2119 948 2164 ν.
972 2096 1091 2183 ταμίαι,
1117 2119 1180 2160 τω-

56 2199 163 2285 ληταί,
188 2200 374 2283 ἀποδέκται,
399 2201 599 2286 ἀγορανόμοι,
625 2201 804 2287 ἀστυνόμοι,
834 2200 1021 2287 μετρονόμοι,
1057 2201 1181 2283 σιτοφύ-

54 2301 153 2378 λακες
175 2304 234 2368 etc.
258 2304 315 2368 etc.
360 2303 445 2382 Quae
469 2322 537 2368 cnm
562 2305 607 2368 ita
629 2305 700 2383 sint,
734 2323 805 2369 oum
828 2323 924 2386 neque
947 2304 1059 2368 Pollux
1083 2323 1181 2384 neque

55 2405 279 2491 Harpocration
311 2406 477 2490 pleniorem
509 2407 624 2471 librum
656 2407 800 2472 habuisse
836 2406 1005 2482 videantur,
1044 2405 1180 2469 nondum

53 2509 246 2592 exploratum
270 2509 348 2573 milri
370 2527 436 2574 esse
458 2508 590 2589 ridetur,
624 2528 699 2573 num
722 2510 797 2573 haec
818 2508 929 2572 lacuna
951 2507 990 2571 ab
1016 2506 1180 2570 Aristotele

55 2629 203 2692 umquam
234 2611 355 2695 expleta
378 2610 520 2692 fuerim).
570 2610 658 2691 Quod
691 2611 755 2676 sivo
779 2610 898 2695 probas,
931 2609 996 2673 sire
1027 2607 1179 2692 repudias,

57 2716 272 2796 argumentum
304 2715 342 2779 ab
366 2714 532 2780 Aristotele
565 2715 623 2779 hoc
646 2713 737 2779 modo
762 2713 962 2778 distributum
986 2731 1051 2777 esse
1076 2712 1181 2795 negari

55 2836 115 2882 uon
145 2818 256 2901 potest.
311 2816 373 2882 Sed
405 2838 478 2882 unm
512 2817 594 2882 ultra
623 2818 702 2882 hanc
726 2817 974 2881 distributionem
998 2816 1035 2880 ab
1058 2815 1180 2880 anctore

56 2920 85 2983 si
106 2939 167 2986 uon
191 2921 362 2986 confectam
384 2923 417 2986 at
438 2923 543 2987 tamen
567 2923 668 2985 animo
686 2922 837 2986 intentam
854 2921 951 2985 ullam
967 2921 1060 2985 aliam
1077 2919 1181 3003 quaeri

53 3042 186 3105 acquum
211 3023 260 3102 su,
285 3023 362 3088 mihi
385 3024 512 3091 dubium
535 3044 600 3089 esse
623 3025 755 3090 ridetur.
801 3025 986 3089 Aristoteles
1010 3025 1110 3088 officia
1132 3044 1180 3087 se-

56 3129 158 3204 natus,
193 3146 270 3209 quae
293 3146 312 3192 a
334 3147 400 3212 cap.
424 3128 474 3206 49,
499 3129 519 3190 3
551 3147 647 3210 usque
674 3128 712 3193 ad
742 3129 837 3192 finem
869 3128 980 3209 capitis
1012 3129 1178 3202 enumerat,

58 3228 187 3293 fortasse
220 3228 306 3293 nullo
338 3228 443 3294 ordine
474 3228 571 3313 petito
604 3230 714 3294 ceteris
738 3229 886 3313 adjunxit,
920 3248 957 3291 ne
992 3228 1065 3310 quid
1089 3228 1180 3292 omit·

53 3329 146 3409 teret,
169 3329 249 3412 quod
264 3331 370 3415 paullo
387 3332 510 3414 gravius
533 3331 562 3394 ei
576 3330 741 3395 rideretur.
778 3331 879 3396 Multa
901 3330 1018 3394 leviora
1040 3333 1120 3392 certe
1144 3328 1180 3393 de

159 3640 184 3707 1)
203 3640 395 3694 Wilamowitz
413 3639 429 3691 l.
449 3639 466 3691 l.
486 3639 504 3691 l.
523 3638 581 3692 296.
601 3653 665 3692 ann⁴
685 3637 727 3691 12.
763 3638 844 3691 Blass
863 3638 916 3700 (od.
936 3637 981 3702 ll.)
1000 3650 1064 3689 ann.
1083 3636 1109 3689 lr.
1128 3634 1144 3686 l.

158 3743 186 3809 2)
205 3743 267 3807 Qua
284 3743 314 3796 in
333 3756 363 3796 re
382 3756 446 3796 cum
464 3742 557 3795 Keilio
575 3743 592 3794 l.
612 3742 629 3793 l.
648 3756 674 3808 p.
696 3742 744 3794 196
772 3756 836 3794 ann
854 3742 879 3801 Ι1
904 3741 1059 3794 consentio.
1095 3739 1180 3790 ll'ila·

54 3830 172 3883 mowitu
193 3830 210 3883 l.
229 3831 246 3883 l.
265 3829 284 3882 l.
303 3827 354 3881 207
373 3843 435 3882 ann.
455 3827 489 3881 34
510 3828 545 3881 ad
563 3828 681 3881 eandem
700 3828 860 3894 opinionem
879 3827 1044 3893 pervenisse
1061 3826 1180 3887 videtur,

55 3915 123 3969 lieet
142 3915 262 3969 obscure
280 3919 417 3981 cauteque
434 3915 574 3981 loquatur.
611 3914 718 3975 Kaibel
747 3914 800 3967 Stil
817 3928 843 3966 u.
863 3913 938 3965 Text
956 3927 981 3979 p.
1001 3913 1059 3974 25¹,
1087 3924 1181 3976 quam·

57 4015 140 4068 quarn
158 4002 220 4068 ipso
238 4002 397 4055 rectissime
416 4001 624 4061 animadvertit,
651 4014 789 4065 nusquam
817 4001 846 4052 in
873 4000 930 4052 late
954 3998 1079 4066 disjectis
1097 3998 1181 4050 huius

51 4088 170 4154 :generis
188 4088 279 4141 ruinis
296 4087 341 4140 vel
361 4087 478 4140 minima
495 4087 712 4152 magistratuum
740 4087 768 4138 in
788 4086 1002 4151 quadriennium
1022 4086 1181 4138 creatorum

54 4175 181 4240 vestigia
199 4174 294 4240 detegi
311 4186 403 4240 posse,
423 4173 453 4225 iu
471 4173 565 4239 priore
585 4173 727 4226 sententia
743 4175 914 4240 perseverat.
