2924 4928
705 308 748 372 63

168 512 224 580 lex'.
255 511 327 596 Sag.
360 511 413 578 VI.
445 511 519 577 410.
549 511 585 596 3)
616 513 800 598 ἀντιγραρεῖ
829 513 1032 579 Philochoreo
1063 516 1208 597 opposuit
1238 518 1292 580 aut

168 619 231 702 jam
252 616 429 701 oppositum
451 616 582 683 invenit.
617 616 706 696 Quod
723 618 749 683 si
765 618 952 699 accepimus,
977 618 1067 682 facile
1089 618 1290 702 intellegitur,

170 741 229 804 qua
251 740 285 786 re
300 719 413 786 Pollux
434 723 606 785 commotus
629 721 679 797 sit,
703 723 739 785 ut
761 740 806 799 ea,
830 739 908 802 quae
924 720 1110 786 Aristoteles
1134 720 1171 785 de
1193 743 1291 806 γραμ-

170 832 262 909 ματεῖ
284 825 369 886 κατὰ
391 823 576 908 πρυτανείαν
599 822 683 904 dicit,
708 823 747 889 ad
770 823 1057 904 contrascriptorem
1080 823 1209 890 referat:

298 1008 430 1074 Ariaioi.
455 1011 514 1075 54.
540 1010 572 1073 3.
894 1010 976 1074 ΡοΙΙ.
1002 1010 1075 1074 Vlll.
1099 1013 1151 1074 98.

170 1161 498 1247 (γραμματεὺςὸκατοὶ
507 1159 706 1247 πρυτανείαν)
752 1164 957 1247 ἀντιγραφεὺς
988 1161 1137 1247 πρότερον
1167 1165 1223 1249 μὲν
1246 1164 1291 1227 αἱ·

171 1265 273 1329 τᾶλλα
294 1264 399 1329 πάντα
417 1264 641 1350 ἀντιγροὶτρεται
652 1267 708 1328 καὶ
729 1250 732 1264 ’
752 1268 839 1348 ρετὸς
869 1266 963 1342 αὖθις
997 1266 1030 1329 δὲ
1053 1266 1216 1352 κληρωτὸς
1238 1268 1289 1351 ἡν,

170 1367 401 1454 παρακάθηται
416 1377 456 1453 τῇ
468 1368 579 1456 βουλῇ.
598 1366 707 1453 πρότε-
752 1371 807 1432 καὶ
829 1368 937 1433 πάντα
959 1370 1172 1453 ἀντεγράφετο
1192 1391 1292 1453 παρα-

168 1494 221 1558 ρον
244 1474 301 1558 μὲν
322 1473 376 1536 οὖν
398 1475 487 1548 οὗτος
508 1473 550 1557 ἦν
567 1492 707 1556 χειροτο-
751 1470 938 1557 καθήμενος
959 1482 999 1556 τῇ
1024 1472 1135 1558 βουλῇ.

172 1575 276 1662 νητός.

269 1761 370 1843 Quam
397 1763 524 1829 obrem
546 1763 700 1847 Miller¹)
734 1765 940 1846 fragmentum
965 1764 1203 1830 Philochoreum
1235 1785 1291 1829 nu-

170 1885 252 1932 mero
272 1866 313 1931 61
339 1867 497 1951 signatum
518 1866 598 1932 libro
620 1868 667 1932 ΙΙΙ
699 1867 877 1944 inseruerit,
910 1867 1035 1949 ignovo;
1067 1887 1121 1951 per
1155 1889 1189 1934 se
1211 1870 1291 1933 enim

171 1970 255 2051 patet
275 1987 389 2036 novum
414 1971 632 2054 magistratum
654 1972 724 2036 tum
746 1971 937 2052 descriptum
959 1991 1035 2050 esse,
1069 1992 1140 2037 cum
1172 1976 1292 2056 tempo-

170 2075 210 2139 ris
232 2072 338 2237 ordssne
361 2076 482 2139 servato
505 2073 542 2139 de
564 2075 652 2139 annis
674 2071 738 2138 300
762 2075 959 2157 sequentibus
991 2076 1018 2140 ei
1041 2075 1205 2140 dicendum
1229 2079 1293 2142 evat

170 2175 454 2260 iehmfflh

268 2279 304 2343 lu
335 2279 386 2359 iis,
418 2299 496 2363 quae
527 2281 714 2362 sequuntur,
746 2280 803 2346 hoc
836 2281 949 2345 mirum
981 2283 1036 2358 est,
1069 2282 1150 2364 quod
1181 2282 1293 2347 Pollux

169 2383 262 2447 ctiam
285 2383 415 2466 legistas
438 2402 456 2448 a
478 2385 587 2448 senatu
610 2384 706 2449 creari
729 2384 814 2463 dicit,
847 2402 917 2448 cum
940 2385 970 2448 in
994 2386 1216 2467 ἀντιγραρεῦστ
1240 2385 1292 2448 de-

167 2487 336 2551 scribendis
358 2505 481 2569 prorsus
504 2505 564 2552 non
581 2487 783 2566 annotaverit,
807 2507 824 2551 a
846 2505 906 2568 quo
930 2487 1024 2550 creati
1048 2488 1121 2565 sint,
1146 2489 1177 2551 ct
1201 2487 1293 2552 verba

167 2592 198 2655 in
225 2590 314 2655 initio
336 2592 355 2674 ξ
378 2589 421 2654 98
451 2591 554 2674 posita
576 2591 755 2676 ahopotelg
778 2591 837 2653 ὑπὸ
860 2599 917 2673 τῆς
939 2588 1057 2674 βουλῆς
1081 2588 1173 2652 nimis
1203 2588 1293 2672 longe

169 2693 293 2771 distent,
325 2712 418 2775 quam
439 2695 476 2758 ut
497 2695 552 2757 acl
574 2693 702 2770 τούτους
725 2693 762 2758 ad
786 2694 861 2757 haec
884 2693 1060 2775 respiciant.
1105 2692 1149 2756 At
1172 2693 1199 2758 si
1220 2693 1293 2756 Ari-

167 2796 313 2862 stotelem
328 2796 380 2860 48.
396 2797 416 2860 3
433 2796 614 2876 evolvimus,
630 2799 735 2862 mirari
751 2797 930 2862 desinimus
959 2796 1007 2861 Ibi
1022 2796 1105 2861 enim
1121 2796 1232 2862 Pollux
1247 2797 1293 2861 le·

165 2900 231 2982 ga:
255 2898 409 2984 κληροῦσι
432 2899 466 2964 δὲ
489 2902 561 2964 καὶ
583 2900 732 2985 λογιστὰς
750 2900 783 2978 ἐξ
806 2900 908 2964 αὑτῶν
923 2899 951 2962 οἱ
967 2900 1143 2985 βουλευταί.
1182 2902 1292 2967 Utrum

168 3002 261 3068 verba
282 3003 477 3086 insequentia
498 3002 571 3067 κατ’
593 3005 696 3089 ἀρχὴν
718 3024 814 3087 usque
837 3005 877 3068 ad
900 3003 992 3067 finem
1015 3005 1075 3086 ipsi
1100 3006 1223 3071 Polluci
1255 3024 1291 3068 an

167 3107 264 3172 lexico
286 3108 438 3173 rhetorico
460 3107 605 3188 tribuam,
630 3108 743 3172 dubius
766 3109 888 3186 haereo,
912 3107 983 3189 quia
1007 3109 1122 3173 similia
1141 3127 1291 3190 nusquam

166 3212 245 3276 alibi
265 3211 422 3295 leguntur.

273 3315 399 3395 Contra,
423 3334 500 3398 quae
524 3315 560 3379 de
584 3314 793 3379 ἀποοτολεῠσι
817 3315 990 3393 traduntur,
1011 3332 1082 3378 cum
1105 3313 1219 3377 similia
1242 3330 1293 3376 oc-

167 3419 294 3482 currant
311 3418 342 3481 in
365 3419 423 3484 lex.
440 3419 510 3501 Seg.
526 3418 563 3483 V.
581 3418 655 3482 203.
671 3418 722 3495 22,
746 3418 804 3482 len.
822 3420 892 3499 Seg.
908 3418 962 3482 Vl.
986 3417 1059 3481 435.
1084 3416 1135 3495 29,
1160 3415 1291 3500 Hesych.

168 3540 193 3584 a.
216 3540 257 3599 v.,
289 3521 384 3587 schol.
408 3521 567 3587 Aesona.
586 3522 656 3599 177,
680 3521 776 3586 schol.
797 3522 885 3586 Deru.
909 3519 982 3584 262.
1009 3519 1173 3602 leporius
1196 3519 1293 3584 lexico

169 3624 216 3688 illi
253 3624 403 3690 rhetorico
439 3625 565 3689 reddam
610 3643 703 3707 quam
741 3643 810 3689 cum
849 3622 1060 3707 Stojentino⁸)
1099 3622 1292 3687 Philochoro.

169 3727 238 3791 Etsi
258 3727 351 3809 enim
382 3728 607 3810 Harpocration
639 3747 663 3793 s.
695 3748 723 3792 v.
755 3728 787 3791 in
812 3726 1020 3791 Demosthene
1054 3726 1085 3790 et
1107 3725 1292 3791 Philochoro

273 4070 299 4136 1)
315 4071 381 4138 Ilrg.
399 4070 464 4125 hiet.
484 4084 576 4137 graec.
595 4071 614 4123 I.
633 4085 658 4138 p.
677 4071 735 4125 394.

268 4156 300 4223 2)
319 4157 352 4210 cf.
372 4157 479 4211 Bdclrh.
498 4156 542 4210 Kl.
562 4156 639 4210 Schr.
658 4157 690 4209 V.
709 4157 768 4209 427.
865 4180 870 4191 ι

267 4244 299 4302 3)
319 4242 335 4294 l.
354 4242 370 4294 l.
389 4257 414 4309 p⁴
433 4243 475 4296 24
