2924 4928
711 359 747 422 31

169 570 216 645 τῷ
271 557 398 644 πολέμῳ
448 561 503 622 καὶ
553 557 708 644 Ἁρμοδίῳ
754 564 823 645 περὶ
845 559 1007 645 Ἃρμίδιον
1031 557 1176 641 ἐναγίζει.

172 667 227 728 καί
248 661 488 747 Ἀριστογείτονι
513 662 709 749 ἐναγίσματα

168 777 263 834 ποιεῖ.

311 954 440 1018 Ατὶοίοί.
463 955 520 1018 60.
548 956 568 1018 Ι.
881 955 1000 1019 Pollux.
1024 954 1096 1016 Vlll.
1122 951 1177 1014 93.

168 1109 325 1193 κληροῦσι
362 1108 396 1171 δέ
433 1107 487 1170 καί
525 1105 710 1184 ἀθλοθέτας
755 1107 935 1172 ἀθλοθέται
959 1106 1037 1169 δέκα
1061 1104 1116 1190 μέν
1137 1104 1224 1183 εἰσιν,
1251 1103 1294 1176 είς

167 1211 250 1276 δέκα
283 1210 407 1293 ἄνδρας,
441 1210 495 1273 ἕνα
527 1220 584 1295 τῆς
608 1211 710 1294 ρυλης
755 1215 840 1276 κατὰ
862 1210 977 1295 φυλήν,

167 1315 343 1399 Ιέκοίστης.
384 1316 469 1377 οὗτοι
510 1313 544 1376 δέ
580 1313 710 1399 δοκιμα-
755 1315 1003 1399 δοκιμασθέντες
1019 1314 1053 1376 δέ
1069 1314 1219 1396 ἄρχουσιν
1236 1309 1296 1391 ἐτη

171 1417 302 1494 σθέντες
324 1419 456 1502 ἄρχουσι
479 1414 614 1500 τέτταρα
637 1417 708 1501 έτη,
756 1417 891 1502 τέτταρα
922 1417 974 1480 ἐπὶ
1006 1423 1049 1499 τῷ
1074 1413 1231 1478 διαθεῖναι
1254 1413 1294 1474 τὰ

167 1522 228 1584 καὶ
258 1520 405 1583 διοικοῦσι
437 1519 496 1604 τήν
524 1541 558 1583 τε
580 1521 711 1604 πομπὴν
755 1519 981 1604 Παναθήναια,
1011 1518 1121 1582 τόντε
1145 1517 1293 1602 μουσικὸν

170 1631 235 1686 τῶν
278 1621 512 1708 Παναθηναίων
557 1625 612 1686 καί
658 1623 711 1685 τὸν
755 1626 810 1686 καὶ
841 1626 893 1687 τὸν
915 1622 1065 1708 γυμνικόν
1088 1623 1143 1684 καὶ
1165 1620 1224 1703 την
1246 1617 1294 1679 ἱπ-

175 1727 284 1809 ἀγῶνα
307 1734 365 1809 τῆς
388 1734 542 1811 μουσικῆς
573 1726 628 1788 καὶ
659 1727 712 1787 τὸν
756 1725 935 1811 ποδρομίαν.

167 1831 322 1913 γυμνικὸν
353 1829 462 1912 ἀγῶνα
494 1830 549 1891 καὶ
580 1829 637 1912 την
663 1827 711 1890 ta·

169 1930 363 2016 ποδρομίαν,
410 1933 465 1994 καὶ
506 1932 558 1995 τὸν
591 1928 711 1993 πέπλον

171 2043 333 2098 ποιοῦνται
365 2036 420 2097 καί
456 2036 528 2109 τοὺς
564 2034 713 2117 ἀμφορεῖς

177 2139 257 2222 μετὰ
271 2146 328 2221 τῆς
345 2136 472 2223 βουλῆς,
498 2139 553 2201 καί
576 2139 611 2199 τδ
628 2135 712 2200 ἔλαι-

171 2261 208 2303 ον
217 2249 282 2316 τοῖς
298 2238 458 2324 ἀθληταῖς
473 2238 666 2303 ἀποδιδόασι.

275 2427 322 2492 Εο
360 2427 464 2507 videa,
503 2427 654 2510 quomodo
686 2426 798 2490 Pollux
828 2426 894 2491 loeo
925 2427 1024 2507 priore
1058 2423 1296 2506 Aristogeitonis

171 2549 269 2610 saera,
292 2531 460 2613 posteriore
482 2532 583 2596 totum
606 2529 699 2595 finem
722 2529 872 2594 enuntiati
896 2529 1075 2593 Aristotelei
1097 2527 1244 2592 omiserit.

172 2836 200 2925 ἕ
223 2835 264 2906 5.
305 2836 486 2906 Verbum
510 2838 704 2922 ἐπερωτᾱ
729 2836 836 2925 apud
859 2835 1029 2904 Aristot.
1054 2834 1119 2904 55.
1143 2835 1167 2902 4
1191 2833 1298 2902 nude

206 2939 385 3030 positum
409 2960 432 3008 e
456 2959 649 3010 sermone
672 2939 982 3028 inscriptionum
1006 2938 1267 3028 intellegitur.

276 3129 309 3195 Si
328 3127 562 3213 Wilamouitz¹)
578 3132 609 3195 in
625 3131 717 3195 verbo
734 3129 875 3213 ἐπερωτᾱ
890 3130 930 3193 ab
950 3129 1115 3194 Aristotele
1131 3149 1196 3211 cap.
1214 3130 1264 3194 55.
1280 3133 1298 3190 4

172 3231 255 3297 nude
277 3234 378 3316 posito
402 3234 585 3310 offendebat,
619 3235 679 3299 sibi
702 3236 845 3300 constans
868 3233 963 3298 etiam
986 3233 1078 3298 verba
1100 3233 1205 3315 paullo
1227 3236 1299 3297 anto

173 3336 291 3419 scripta
322 3335 418 3422 φησίν
449 3338 480 3401 et
510 3337 706 3421 ἐπερωτῶσιν
737 3338 776 3402 ab
807 3336 978 3402 Aristotele
1010 3336 1184 3419 abjudicare
1211 3337 1300 3401 debe-

176 3439 238 3518 bat,
269 3438 324 3503 ubi
354 3441 479 3505 uomina
510 3460 623 3520 eorum,
657 3441 709 3523 qui
732 3440 974 3525 interrogabant,
1008 3458 1103 3521 aeque
1127 3440 1300 3520 supplenda

176 3541 257 3606 sunt.
303 3542 363 3608 Sed
386 3543 458 3609 talis
481 3562 555 3608 usus
578 3544 711 3610 sermoni
733 3544 968 3626 inscriptionum
992 3560 1051 3605 non
1075 3542 1193 3606 alienus
1217 3543 1296 3606 erat:

171 3643 215 3708 ol.
237 3642 343 3712 Mitth.
367 3645 421 3712 des
443 3646 525 3712 arch.
548 3648 624 3711 lost.
648 3665 686 3711 uu
708 3646 822 3712 Athen.
867 3645 937 3709 Vll.
972 3664 999 3726 p.
1024 3643 1089 3707 368
1120 3643 1161 3726 (a.
1184 3642 1248 3707 346
1272 3662 1299 3706 a.

179 3867 437 3876 --——.—-—-.—.

167 4016 244 4081 lunt,
263 4017 338 4084 quod
351 4017 542 4072 Wilamowita
559 4017 577 4070 l.
596 4017 613 4071 l.
632 4016 651 4070 Ι.
664 4032 690 4084 ρ,
703 4017 762 4071 249.
782 4030 845 4070 ann.
864 4017 910 4069 ¹30
923 4017 1001 4070 reete
1014 4017 1140 4071 miratur.
1168 4016 1302 4069 Philostr.

174 4104 235 4157 vita
250 4103 367 4170 sophist.
394 4103 426 4157 ll.
445 4104 479 4158 30
505 4104 586 4158 loeus
614 4103 786 4165 allaibelio,
805 4102 858 4156 Stil
876 4116 903 4155 u.
923 4102 997 4156 Text
1026 4117 1051 4171 p.
1071 4105 1121 4156 ‘243
1140 4102 1242 4156 allatus
1267 4102 1302 4155 ad

172 4189 347 4244 sententiam
364 4187 578 4244 Wilamowitzii
597 4189 797 4244 debilitandam
815 4189 921 4243 nullius
941 4193 985 4244 ost
1003 4191 1146 4244 momenti.

275 4288 304 4357 1)
322 4292 340 4345 1.
359 4291 376 4344 1.
396 4291 414 4345 1.
433 4307 459 4360 p.
479 4292 536 4348 aaa.
