2924 4928
770 317 815 382 96

227 520 288 585 elia
313 520 419 604 glossa
449 519 614 586 discrimen
630 520 729 585 ¹inter
758 519 877 605 βουλὴν
908 521 967 604 τὴν
997 519 1031 583 ἐν
1062 517 1175 604 Ἀρείῳ
1196 520 1289 604 πάγῳ
1320 524 1353 586 et

227 621 345 708 βουλὴν
367 630 429 688 τῶν
451 622 516 687 500
541 622 765 705 explicabatur,
798 622 884 688 velut
904 623 963 687 lex.
988 621 1057 706 Seg.
1081 622 1119 687 V.
1143 622 1216 687 222.
1239 623 1270 700 6,
1293 623 1352 690 lex.

153 734 158 742 ’
228 726 296 808 Seg.
320 725 373 790 vl.
397 725 488 791 4441
515 752 556 782 =
581 724 666 790 Suid.
690 745 715 791 s.
738 744 768 790 r.
790 723 915 809 Ἄρειος
936 725 1052 809 πάγος)
1076 725 1135 803 hic,
1160 725 1240 804 dico,
1278 728 1352 792 ordo

226 829 284 894 sibi
317 830 461 895 constans
494 828 575 912 apud
607 847 712 894 omnes
743 829 808 895 tres
840 829 1004 911 scriptores
1026 829 1163 913 primum
1185 848 1240 895 nos
1262 828 1353 895 docet

226 950 333 996 omnes
364 930 404 996 ad
437 951 530 997 unum
564 932 680 998 fontem
713 931 886 996 referendos
918 950 994 1006 esse,
1032 931 1101 997 tum
1132 932 1353 998 Demosthenis

226 1033 397 1099 orationem
430 1036 536 1119 magni
567 1034 662 1100 fnisse
684 1035 835 1101 momenti
857 1035 888 1099 in
911 1034 1016 1118 glossa
1038 1033 1259 1118 componendo.
1304 1035 1353 1100 lbi

226 1138 307 1202 enim
330 1138 418 1203 nobis
441 1138 548 1203 eadem
571 1139 664 1204 series
696 1139 886 1221 Areopagus,
919 1136 1107 1217 Palladium,
1139 1137 1351 1220 Delphinium,

225 1240 437 1324 Prytaneinm,
470 1241 618 1307 Phreatto
649 1242 791 1320 occurrit,
826 1259 897 1306 cnm
920 1241 1106 1307 Aristoteles
1135 1241 1231 1309 aliam
1262 1260 1353 1325 prae·

225 1343 321 1408 ferat:
365 1346 557 1427 Areopagus,
601 1344 788 1422 Palladium,
828 1345 1038 1427 Delphinium,
1076 1340 1235 1422 Phreatto,
1272 1341 1353 1426 Pry-

225 1447 374 1511 taneium.

328 1549 446 1632 Neque,
480 1549 562 1633 quod
586 1550 625 1615 ad
647 1550 771 1634 singula
793 1552 951 1633 parricidii
973 1568 1087 1635 genera
1110 1551 1232 1628 attinet,
1263 1549 1351 1627 latet,

226 1652 354 1734 plnrane
387 1671 423 1717 ex
445 1652 614 1718 Aristotele
648 1672 686 1717 an
708 1652 833 1718 aliunde
856 1652 969 1719 housia
998 1654 1069 1732 sint,
1104 1670 1290 1735 quamquam
1321 1653 1354 1716 et

227 1756 275 1820 hic
303 1758 333 1820 et
364 1755 423 1833 illi,
455 1754 673 1839 lexicographi,
705 1757 797 1821 nimis
821 1757 928 1822 breves
960 1757 1043 1822 sunt.
1096 1755 1195 1840 Leges
1226 1754 1352 1837 quidem

226 1858 385 1940 capitales
424 1877 500 1940 quas
537 1858 676 1925 homines
699 1859 802 1942 graeci
825 1859 936 1944 νόμους
959 1858 1104 1943 φονικοὺς
1139 1858 1351 1935 nominabant,

212 1961 352 2026 ¹eaedem
375 1961 464 2026 erant
486 1980 554 2026 cnm
572 1961 736 2028 Aristoteli
756 1963 825 2028 tum
847 1963 1030 2041 oratoribus,
1053 1981 1150 2046 neque
1165 1962 1352 2028 Aristoteles

227 2065 284 2128 lrec
306 2065 339 2129 in
361 2065 449 2146 parte
470 2065 542 2146 plns
564 2083 658 2147 quem
679 2065 766 2148 leges
788 2067 872 2149 ipsas
896 2066 968 2132 dare
991 2066 1099 2131 voluit.
1143 2065 1205 2130 Sed
1227 2067 1260 2130 in
1282 2064 1352 2147 lege

227 2167 266 2232 ad
298 2169 494 2251 Areopagum
525 2169 715 2249 pertinente,
754 2187 846 2252 quam
884 2170 965 2251 apud
998 2169 1157 2235 Demosth.
1192 2167 1244 2233 23.
1268 2167 1310 2231 24
1328 2167 1352 2240 ¹)

226 2270 370 2353 legimus,
396 2270 555 2336 Pollucem
580 2272 693 2338 oratori
716 2291 747 2337 se
771 2273 925 2355 applicare
948 2273 1095 2339 maluisse
1117 2272 1189 2337 inde
1212 2271 1351 2353 apparet,

225 2372 307 2454 quod
323 2373 404 2438 sicut
417 2374 477 2440 iste
493 2375 652 2441 enumerat
668 2374 771 2459 φόνος,
796 2386 918 2461 τραῦμα
938 2376 977 2440 ἐκ
999 2375 1154 2461 προνοίας,
1179 2383 1349 2459 πυρκαϊᾶς,

225 2477 411 2563 φαρμάκων,
448 2497 507 2544 non
542 2482 577 2544 nt
609 2479 793 2545 Aristoteles
825 2479 928 2563 φόνος,
969 2489 1091 2565 τραῦμα
1123 2479 1162 2542 ἐκ
1180 2476 1350 2563 προνοίας,

226 2582 411 2666 φαρμάκων,
450 2592 617 2665 πυρκαϊᾶς.
674 2583 761 2647 Idem
792 2583 989 2649 observamus
1020 2584 1051 2648 in
1086 2581 1276 2660 criminibus,
1315 2580 1352 2644 de

225 2684 336 2765 quibus
368 2684 420 2747 ἐπὶ
449 2682 630 2768 Πρυτανείῳ
657 2683 865 2768 judicabatur.
909 2685 978 2750 Etsi
1010 2684 1116 2749 charta
1146 2682 1351 2748 londinensis

226 2789 282 2852 lroc
304 2788 372 2852 loco
405 2786 535 2852 discissa
557 2789 614 2864 est,
648 2790 751 2853 tamen
776 2791 992 2871 argumentum
1016 2788 1092 2853 satis
1115 2787 1280 2870 diligenter
1301 2805 1350 2850 re·

226 2892 315 2955 stitui
337 2891 368 2954 et
390 2908 443 2972 pro
467 2892 549 2956 certo
572 2891 714 2956 contendi
737 2892 840 2970 potest
862 2911 920 2957 non
945 2893 1098 2957 exstitisse
1136 2892 1213 2957 talia
1246 2890 1349 2967 verbo,

226 2993 330 3076 qualia
361 2994 443 3074 apud
476 2993 565 3058 Dem.
598 2993 650 3059 23.
679 2994 721 3056 76
751 2994 903 3078 legimus:
942 2994 996 3058 ἐὰν
1027 2993 1118 3068 λίθος
1150 2995 1170 3078 ἢ
1204 2991 1296 3071 ξύλον
1327 2994 1350 3076 ἠ

227 3097 350 3182 σίδηρος
379 3097 401 3181 ἥ
433 3118 462 3159 τι
494 3106 632 3162 τοιοῦτον
663 3097 802 3182 ἐμπεσόν
832 3095 958 3181 πατάξῃ
991 3099 1047 3159 καί
1069 3098 1123 3160 τόν
1146 3097 1201 3182 μὲν
1224 3094 1350 3181 βαλόντ’

226 3201 324 3284 ἀγνοῇ
358 3221 414 3282 τις,
449 3200 526 3262 αὐτὸ
558 3199 652 3286 δἐἰδγῇ
685 3203 740 3264 καί
772 3201 833 3286 ἔχῃ
866 3203 901 3263 τό
933 3202 986 3263 τόν
1016 3198 1109 3283 φόνον
1132 3197 1349 3283 εἰργασμένον,

226 3304 345 3379 τούτοις
368 3303 508 3368 ἐνταῦθα
540 3302 747 3389 λαγχάνεται.
805 3302 889 3383 Quae
912 3303 1016 3381 verba,
1052 3303 1195 3384 corrupta
1226 3300 1352 3384 quidem

226 3409 257 3471 ot
289 3409 454 3486 eontracta,
487 3408 518 3471 in
551 3408 608 3473 lex.
642 3408 711 3491 Seg.
740 3407 776 3470 V.
808 3407 999 3489 repetuntur.
1044 3405 1133 3486 Quod
1165 3409 1269 3470 autem
1301 3403 1352 3469 hic

226 3511 333 3575 auctor
354 3511 412 3575 len.
431 3511 500 3594 Seg.
524 3511 558 3575 V.
582 3512 674 3581 verba
695 3510 775 3594 legis
799 3510 938 3592 pleniore
961 3511 992 3574 ct
1013 3509 1182 3591 integriora
1204 3507 1350 3585 servavit,

226 3613 337 3679 Pollux
359 3633 395 3679 ee
416 3615 516 3697 magis
539 3614 670 3692 vexavit,
702 3613 810 3679 eodem
841 3612 931 3677 modo
965 3629 1000 3676 ac
1024 3611 1105 3694 qnod
1128 3612 1165 3675 de
1188 3612 1351 3693 Areopago

226 3720 276 3782 lric
307 3719 413 3783 eontra
445 3717 624 3796 fideliorem,
655 3717 709 3782 ille
742 3717 1006 3801 neglegentiorem
1038 3735 1070 3780 ee
1093 3715 1259 3796 praestitit,
1296 3731 1351 3777 nos

227 3841 284 3887 non
323 3821 473 3885 deterrere
510 3822 621 3903 potest,
660 3821 823 3903 quominus
855 3821 961 3886 ambos
995 3819 1034 3884 ad
1065 3819 1195 3883 eundem
1235 3816 1350 3881 iontem

226 3925 403 3989 referamus.
461 3925 497 3989 ld
529 3925 641 4006 ipsum,
674 3925 755 4007 quod
776 3924 958 4008 Hesychius,
996 3922 1116 4000 Pollux,
1147 3921 1205 3986 lex.
1230 3917 1352 4002 SegV

332 4253 357 4315 1)
376 4250 409 4303 of.
429 4263 514 4316 snpra
532 4264 557 4316 p.
575 4250 600 4303 4.
