2924 4928
711 337 752 402 50

170 547 336 629 Dionysius
358 544 431 609 Hal.
444 545 486 627 ¹),
517 543 609 627 judex
639 544 722 607 certe
753 544 974 625 gravissimus:
1020 540 1123 615 Ταῖς
1146 560 1300 625 χρονι·

170 658 268 724 καῖς
299 646 626 732 παραπλήσιον,
663 648 708 722 ἃς
731 645 950 723 ἐξέδωκαν
983 644 1019 708 οἱ
1054 643 1300 719 rasator-

170 753 244 826 δας
274 750 746 835 πραγματευσάμενοι·
783 748 1028 833 μονοειδεῖς
1062 749 1140 832 γὰρ
1177 747 1299 812 ἐκεῖ·

171 854 238 920 ναί
260 875 303 918 τε
326 856 398 917 καὶ
421 856 530 938 ταχὺ
554 853 901 938 προσιστάμεναι
925 863 1015 928 τοῖς
1045 852 1296 915 ἀκούουσιν.

172 959 208 1023 ld
230 958 335 1042 igitur,
368 956 450 1038 quod
472 957 510 1020 iis
533 956 621 1021 libris
643 957 675 1020 in
699 956 808 1037 primis
831 955 986 1038 peculiare
1009 955 1083 1031 erat,
1118 953 1198 1019 ratio
1222 955 1300 1027 erat,

172 1081 233 1144 qua
256 1061 395 1144 singulas
417 1079 466 1125 res
498 1061 602 1142 gestas
635 1059 871 1142 descripserant,
903 1059 982 1123 ratio
1013 1058 1102 1122 libris
1134 1056 1298 1122 annalibus

172 1167 381 1230 Romanorum
411 1163 580 1228 simillima.
641 1163 880 1246 Unumquidque
918 1163 1086 1228 secundum
1121 1161 1296 1242 temporum

172 1269 281 1334 seriem
319 1267 537 1344 enarrabatur,
575 1285 635 1348 quo
672 1266 873 1331 fundamento
904 1267 952 1331 usi
984 1267 1015 1330 in
1048 1267 1131 1349 certo
1164 1263 1299 1345 quidque

172 1389 252 1436 anno
275 1370 479 1435 collocabant.
526 1368 611 1447 Quae
632 1370 711 1433 ratio
728 1389 744 1432 o
761 1369 969 1452 compluribus
988 1367 1171 1451 fragmentis
1186 1366 1298 1430 etiem-

172 1493 254 1539 nunc
276 1474 385 1549 elucet,
419 1472 457 1536 cl.
483 1471 657 1536 Philochor.
680 1471 737 1555 lrg.
764 1472 816 1550 97,
843 1472 913 1550 132,
941 1473 1011 1550 135,
1037 1471 1107 1548 144,
1133 1469 1205 1547 146,
1230 1471 1298 1531 An-

172 1577 251 1642 drot.
282 1577 341 1656 frg.
373 1576 424 1653 46,
457 1575 507 1654 47,
540 1576 610 1640 alia.
665 1576 853 1658 Temporum
885 1575 989 1640 ordine
1017 1576 1137 1640 serrato
1160 1571 1295 1636 maxime

172 1681 272 1744 varias
304 1677 589 1760 diversissimasque
620 1697 668 1743 res
699 1679 891 1743 tractabant:
923 1679 1043 1742 interna
1066 1679 1201 1755 externa,
1232 1675 1298 1758 pri·

173 1782 245 1846 vata
276 1782 410 1862 publica,
442 1801 530 1846 secra
563 1781 689 1862 profana
710 1782 862 1846 narrando
884 1781 1038 1865 persecuti
1061 1781 1142 1844 sunt.
1188 1778 1298 1859 Neque

173 1885 301 1948 dubium
334 1885 390 1961 est,
423 1884 495 1966 quin
528 1885 621 1948 etiam
653 1884 691 1948 ad
720 1885 921 1967 magistratus
944 1884 1149 1965 institutaque
1173 1881 1299 1964 publica

173 1987 291 2051 animos
323 1986 520 2063 adverterint,
553 1987 640 2051 cuius
671 1988 716 2050 roi
739 1989 889 2051 memoria
911 1987 987 2051 satis
1010 1987 1119 2050 multis
1141 1986 1218 2052 locis
1242 2005 1297 2067 ap-

172 2090 270 2170 paret,
292 2090 387 2164 ,velut
409 2091 440 2153 in
464 2089 595 2155 Clidemi
617 2090 675 2173 frg.
697 2091 728 2169 8,
752 2090 953 2155 Androtionis
976 2091 1035 2172 lrg.
1058 2089 1087 2168 3,
1120 2088 1298 2152 Philochori

173 2193 230 2274 irg.
253 2193 305 2271 61,
329 2192 380 2271 67,
400 2192 451 2269 68,
472 2192 542 2272 791,
567 2193 618 2273 85,
634 2194 686 2272 91,
712 2193 872 2273 101,122,
896 2193 969 2271 133,
995 2193 1086 2271 1411,
1112 2192 1198 2268 1411,
1226 2190 1297 2266 142,

174 2295 245 2373 143,
281 2295 372 2360 1551.
433 2297 492 2363 Sed
520 2298 591 2380 quia
622 2300 796 2379 temporum
828 2317 906 2362 nexu
938 2298 1064 2362 coerciti
1095 2296 1299 2379 impeditiquc

172 2400 267 2477 eraut,
292 2420 457 2484 numquam
481 2407 578 2465 lotam
603 2404 716 2466 seriem
742 2404 976 2482 magistratuum
998 2421 1058 2466 uno
1076 2404 1105 2465 in
1122 2403 1298 2483 conspectu

172 2503 315 2584 prolerre
340 2510 525 2588 potuerunt:
549 2505 580 2569 id
603 2505 684 2586 quod
700 2505 908 2570 Wilamorritz
931 2505 1020 2570 deco
1037 2505 1298 2587 Atthidographo,

173 2624 264 2686 quern
295 2606 413 2670 fontem
440 2608 618 2672 Aristotelis
650 2608 824 2689 suspicatur
855 2607 963 2686 fuisse,
995 2609 1143 2690 postulat.
1198 2607 1299 2671 Immo

171 2727 243 2772 vero
262 2710 322 2773 nisi
337 2711 431 2774 variis
454 2711 530 2776 locis
554 2713 584 2775 et
603 2712 690 2776 libris
712 2712 793 2775 inter
812 2731 878 2776 sese
895 2712 1082 2778 distantibus
1105 2712 1142 2776 de
1166 2711 1299 2796 singulis

173 2811 404 2891 magistratibus
421 2813 577 2895 disputare
593 2834 652 2879 non
669 2815 843 2896 potuerunt,
868 2815 988 2897 quiebi
1010 2833 1070 2879 non
1087 2815 1194 2880 eodem
1218 2832 1299 2877 anno

173 2913 232 2975 orti
255 2916 336 2990 sunt,
360 2914 413 2978 sed
437 2914 516 2978 alius
540 2916 600 2980 alio
624 2917 762 2999 ternpore
785 2919 833 2981 est
855 2918 1052 2983 const'tutus
1094 2917 1299 2982 Philochorus

173 3012 209 3077 de
229 3014 435 3098 νομοφύλαξιν
458 3017 529 3100 (lrg.
557 3018 645 3080 telo
660 3020 686 3102 ¹³)
710 3020 740 3084 et
761 3019 996 3104 γυναικονόμοις
1018 3021 1090 3104 (lrg.
1116 3022 1193 3105 143)
1217 3021 1298 3085 libro

174 3116 243 3195 Vll,
275 3118 329 3182 ubi
361 3120 502 3201 tempora
535 3121 685 3185 Demetrii
717 3123 926 3188 Phalerieusis
958 3125 1131 3204 enarravit,
1164 3126 1298 3208 scripsit,

173 3223 245 3304 quia
275 3223 308 3287 hi
338 3225 539 3308 magistratus
572 3228 610 3291 ab
642 3228 704 3292 illis
735 3229 927 3311 temporibus
954 3231 1104 3312 originem
1128 3247 1216 3293 suam
1240 3228 1299 3292 du-

173 3326 294 3410 cunt²).
338 3326 496 3391 Nonnulla
519 3328 663 3393 instituta
684 3330 809 3411 publica
831 3332 898 3394 turn
929 3331 1135 3414 explicabant,
1167 3349 1237 3396 cum
1261 3331 1300 3394 do

173 3431 258 3494 certa
280 3430 413 3511 quadam
442 3450 474 3494 re
498 3433 586 3513 gesta
607 3433 700 3497 rerba
722 3433 886 3498 faciebant.
941 3435 1111 3500 Androtion
1136 3436 1168 3499 et
1187 3435 1297 3512 Philo·

173 3534 282 3597 cborus
306 3533 378 3614 (frg.
403 3532 487 3617 133),
513 3534 586 3615 quid
609 3534 668 3599 sibi
690 3535 784 3599 vellet
806 3536 1006 3622 διαψήφισις,
1041 3538 1297 3619 explaneverunt,

173 3654 244 3699 cum
267 3635 303 3717 de
326 3634 507 3721 διαψηφίσει
531 3637 689 3700 11111346
714 3639 850 3720 egerunt,
875 3638 1032 3704 Clidemus
1063 3640 1135 3723 (frg.
1159 3640 1194 3724 8)
1220 3660 1298 3705 nau·

277 4006 304 4066 1]
324 4007 439 4060 Roman.
459 4008 588 4074 antiquit.
608 4008 626 4060 1.
645 4009 669 4062 8.

273 4092 440 4158 211114ιιφι
460 4094 566 4154 Boekn.
593 4095 665 4148 tiber
691 4096 745 4149 den
763 4095 834 4150 Plan
861 4097 911 4150 der
928 4096 1023 4153 Atthis
1043 4098 1092 4151 dos
1110 4097 1297 4152 Philochorus

172 4176 219 4229 in:
237 4175 462 4245 Abhandlungen
480 4181 531 4233 der
548 4181 611 4247 Kgl.
629 4196 737 4248 preuss.
756 4182 840 4236 Acad.
861 4183 885 4236 d.
904 4184 989 4236 Wiss.
1009 4198 1044 4237 zu
1063 4183 1160 4236 Berlin
1181 4183 1246 4236 1832
1265 4203 1298 4227 =

174 4261 364 4316 Gesammelte
381 4263 477 4317 lrleine
495 4264 636 4320 Schriften
654 4268 703 4321 Bd.
723 4268 755 4321 V.
774 4282 799 4334 p.
819 4269 877 4322 397.
913 4268 1034 4335 Strenge
1051 4270 1069 4321 1.
1088 4269 1105 4321 1.
1129 4283 1154 4335 p.
1175 4268 1219 4335 16!
1226 4270 1261 4322 17.
