2924 4928
706 357 767 422 Vll

166 583 234 628 ram
256 563 305 637 iis,
327 563 380 646 qui
402 563 451 627 his
474 562 586 628 studiis
609 579 734 645 operam
756 561 860 627 daturi
882 564 993 640 essent,
1021 564 1052 628 in
1076 564 1199 646 publico
1221 585 1292 646 pro-

170 667 315 748 positam
328 685 404 731 esse.
449 665 516 730 Viri
539 664 621 730 docti
643 667 676 730 11
696 664 789 728 amici
811 665 905 730 verba
927 665 1073 731 fiduciam
1095 686 1205 745 meam,
1233 669 1292 733 ali·

167 768 245 851 quid
276 771 308 835 11
337 770 408 835 nori
439 769 472 832 et
501 769 577 834 certi
599 768 658 832 tali
679 769 857 850 quaestione
880 768 982 833 evinci
1004 788 1104 851 posse,
1137 771 1292 853 augebant

169 892 267 955 neque
299 892 368 955 spes
399 892 449 938 me
475 872 597 937 11111111.
641 871 789 937 Conscius
820 889 893 936 vero
925 871 1002 936 mihi
1033 889 1112 949 sum,
1152 892 1201 937 me
1232 894 1291 938 nou

166 977 271 1040 totum
302 975 420 1040 fontem
451 973 591 1038 funditus
613 973 790 1038 exhausisse
813 975 844 1038 11
875 975 974 1039 multa
1005 994 1163 1056 superesse
1196 996 1293 1058 nequo

169 1078 252 1142 satis·
268 1078 426 1159 explorata
448 1097 545 1160 nequa
568 1077 643 1141 satis
665 1076 763 1140 firmis
785 1077 977 1160 argumentis
1001 1077 1090 1143 tulta.
1135 1077 1221 1157 Quae
1243 1099 1292 1143 me

167 1179 335 1263 aliquando
366 1180 581 1263 suppleturum
612 1198 679 1244 esse
703 1197 804 1261 spero,
841 1178 867 1244 si
899 1181 990 1246 modo
1019 1180 1141 1264 judices
1172 1202 1291 1266 gravae,

168 1302 248 1366 quac
279 1303 360 1348 nunc
390 1283 622 1365 disputaverim,
655 1301 716 1347 non
746 1282 839 1347 nimis
871 1283 951 1348 falso
976 1285 1110 1350 tractata
1132 1305 1198 1351 esse
1220 1306 1292 1352 cen-

156 1387 298 1452 suerint.
342 1386 423 1450 Tum
452 1386 583 1450 fortasse
613 1385 682 1449 fieri
712 1385 835 1466 poterit,
867 1387 903 1450 ut
933 1405 986 1451 eae
1017 1406 1139 1470 quoque
1160 1389 1292 1470 glossae,

167 1509 246 1572 quas
275 1490 315 1555 ab
347 1490 531 1554 auctoritate
553 1489 731 1553 Aristotelis
764 1489 882 1553 alienas
913 1508 950 1553 er
985 1489 1043 1554 hac
1076 1490 1292 1557 dissertatione

167 1592 359 1669 aecluserim,
390 1591 509 1657 auctori
540 1610 595 1656 suo
617 1591 758 1674 legitimo
780 1590 950 1656 reddantur
981 1594 1021 1667 et,
1057 1595 1137 1657 unde
1168 1595 1292 1675 potissi-

170 1715 256 1760 mum
286 1694 494 1778 lexicographi
527 1695 661 1760 veterem
694 1695 867 1759 doctrinam
899 1695 1035 1760 mutuati
1072 1696 1143 1775 sint,
1182 1697 1292 1762 melius

169 1798 378 1881 intellegatur.

272 1901 333 1965 llio
355 1900 432 1964 mihi
454 1917 513 1964 non
537 1917 799 1981 supervacaneum
814 1918 880 1965 esse
899 1899 1022 1965 videtur
1037 1905 1195 1981 annotare,
1216 1922 1292 1988 quos

167 2004 399 2088 lexicographos
422 2002 664 2084 scholiastasque
686 2003 808 2084 praeter
830 2001 991 2068 Pollucem
1015 2005 1089 2083 (rec.
1107 2005 1194 2069 Imm.
1211 2007 1293 2072 Bek-

169 2107 232 2172 ker.
254 2105 356 2170 Berol.
384 2104 834 2187 1848)-11111111111111111111
859 2105 997 2185 (11111.
1021 2106 1161 2172 Dindorf.
1185 2107 1293 2174 Oxonii

172 2208 268 2292 1853)
299 2208 494 2272 adhibuerim
525 2209 556 2272 et
586 2207 693 2289 quales
726 2208 875 2274 editiones
906 2208 984 2273 mihi
1016 2211 1137 2291 praesto
1168 2211 1293 2277 luerint.

166 2310 289 2391 Quibus
320 2309 445 2393 scriptis
479 2309 693 2393 percurrendis
729 2309 832 2376 oleum
869 2312 900 2375 11
936 2330 1060 2393 operam
1096 2312 1291 2393 perdiderim,

166 2433 309 2480 enarrare
324 2413 517 2496 supersedeo.
548 2412 660 2477 Lerina
681 2431 742 2477 non
757 2414 823 2479 sine
841 2413 944 2496 aliquo
965 2415 1067 2505 fructu
1081 2418 1293 2496 perscrutatus

169 2539 237 2584 sum
259 2518 353 2582 haec:
376 2516 525 2600 Hesychii
549 2518 623 2597 (rec.
645 2516 746 2580 Maur.
770 2515 922 2580 Schmidt.
944 2516 1030 2598 Lips.
1056 2517 1292 2603 1880-1864),

168 2621 275 2686 Photii
296 2626 371 2701 (rec.
395 2620 426 2685 8.
449 2620 489 2684 Α.
512 2619 626 2685 Nuber.
672 2619 785 2684 Leidac
810 2618 1047 2702 1881-1865),
1085 2619 1197 2685 81111111
1221 2623 1296 2705 (rec,

167 2729 207 2790 G.
230 2723 422 2806 Bernhardy.
467 2719 778 2786 Haila-Braunschw.
803 2719 1042 2798 resa-1853),
1077 2722 1196 2787 Timaei
1219 2730 1292 2804 (rec.

169 2828 208 2893 D.
231 2826 380 2892 Ruhnken
404 2827 503 2909 Lugd.
528 2824 793 2902 1789111111
817 2825 881 2905 (ed.
903 2824 975 2890 Joh.
1001 2825 1172 2890 Tittmanu.
1208 2826 1292 2910 Lips.

171 2929 276 3010 1808),
300 2927 553 3016 cantabrigiense
577 2927 639 3009 (edt
663 2927 744 3009 Aug.
761 2927 870 2992 Nauck
896 2930 967 3011 post
981 2928 1040 2993 lex.
1057 2927 1150 2993 Vind.
1166 2929 1292 3012 Petrop.

171 3031 262 3096 1867.
286 3052 317 3114 p.
340 3031 537 3110 eae-ase),
570 3030 843 3095 Demosthenicum
866 3031 1062 3096 Patmiacum
1094 3031 1154 3106 (ed.
1178 3033 1293 3098 Sakka-

165 3136 231 3201 lion
253 3136 305 3198 in:
328 3135 412 3199 Bull.
434 3135 472 3199 de
495 3153 571 3199 1111.
594 3133 668 3199 hell.
692 3135 717 3198 I.
743 3134 836 3199 1877.
871 3155 901 3216 p.
928 3135 1064 3201 10-16.
1100 3135 1292 3218 lat-155),

169 3238 358 3321 Segueriana
380 3237 434 3302 IV.
466 3239 506 3304 V.
543 3237 593 3300 Vl.
620 3239 684 3318 (ed.
708 3238 798 3303 Imm.
822 3238 961 3302 Bekker:
994 3238 1153 3303 Anecdota
1183 3259 1294 3321 graeca

168 3342 192 3405 Ι.
216 3361 247 3423 p.
274 3339 467 3424 181-416).
512 3340 705 3430 Scholiorum
728 3359 865 3424 corpora,
888 3359 965 3422 quae
989 3360 1007 3404 a
1028 3360 1077 3404 me
1099 3342 1241 3422 pervolut
1262 3345 1294 3408 tn

166 3445 251 3522 sunt,
273 3444 350 3508 haec
372 3443 513 3508 fuerunt:
538 3444 702 3508 Aeschinis
726 3445 791 3527 (cd.
816 3445 904 3510 Ferd.
929 3443 1293 3527 Schulta.Lips.1865),

169 3547 385 3628 Aristophanis
418 3546 480 3626 (ed.
511 3546 561 3610 Fr.
596 3547 721 3610 Dhbner
742 3547 812 3611 Par.
839 3545 949 3629 1842),
981 3545 1198 3612 Demosthenis
1231 3547 1293 3624 (ed.

166 3651 198 3715 i.
235 3649 632 3732 Η1111111111.Ρ11.18ὀ8),
669 3649 797 3714 Luciani
836 3649 896 3732 (ed.
937 3649 970 3715 O.
1001 3649 1142 3715 Jacobitz
1179 3651 1211 3713 in
1246 3650 1292 3714 ed.

166 3753 242 3817 Luc.
265 3752 325 3817 rol.
349 3754 394 3817 lV
409 3773 438 3834 p.
455 3751 629 3834 35-268),
652 3753 793 3818 Platonis
810 3752 871 3836 (ed.
888 3753 937 3816 Fr.
955 3743 1081 3817 Dtibner
1096 3753 1168 3818 Par.
1186 3753 1293 3835 1873).

270 3856 389 3934 Restat,
427 3857 462 3920 111
495 3857 746 3940 praeceptoribus
779 3858 859 3922 meis
892 3858 1009 3938 gratias
1040 3875 1132 3940 agam
1163 3856 1292 3921 debitas.

168 3958 278 4022 Almae
301 3959 416 4023 matres
448 3959 843 4042 Heidelbergensis
875 3960 916 4033 et,
938 3959 1203 4042 Lipsiensis,
1238 3978 1293 4040 per

165 4079 281 4124 annum
312 4063 462 4144 utraque,
496 4061 627 4126 tironem
657 4061 790 4145 benigne
821 4063 1003 4143 receperunt
1033 4061 1065 4125 et
1096 4059 1292 4125 eruditiorem

166 4164 283 4244 patriae
314 4165 521 4229 reddiderunt.
567 4163 650 4243 Quas
672 4166 793 4231 scholas
814 4166 848 4229 et
869 4163 1094 4247 Heidelbergae
1127 4166 1157 4228 et
1178 4163 1292 4245 hipsiis

165 4263 435 4349 frequentaverim,
466 4287 643 4332 enumerare
674 4268 754 4334 nolo.
799 4267 979 4332 Studiosurn
1002 4265 1189 4348 philologiae
1222 4284 1293 4329 vere
