2924 4928
727 350 770 412 54

188 551 309 635 reperto
331 550 510 634 postulavit,
539 570 619 616 nunc
645 552 761 634 optime
784 552 994 617 confirmatur.
1039 552 1132 634 Apud
1152 551 1319 616 Pollucem

189 675 243 737 pro
265 653 381 740 ἐννόμῳ
405 673 514 736 nempe
537 653 579 718 ἐν
602 653 710 739 μονῳ
737 655 933 721 scribendum
955 657 1012 720 est.
1066 653 1155 733 Quod
1177 671 1237 718 non
1266 671 1317 718 so·

187 759 254 824 lum
285 757 462 822 Aristotelis
493 756 580 822 locus
603 757 698 820 55.2
729 757 861 826 collatus
894 757 1042 841 postulat,
1075 757 1128 822 sed
1160 757 1255 822 etiam
1280 777 1317 821 ex

189 862 264 945 ipsis
287 860 424 926 Pollucis
446 860 547 925 verbis
570 861 740 926 necessario
764 861 1007 927 concludendum
1031 861 1088 939 est,
1121 879 1193 925 oum
1215 858 1316 943 κρίσις

189 965 308 1030 scribae
331 963 499 1049 δοκιμασίᾳ
522 983 711 1030 assessorum
736 970 927 1049 opponatur.
968 965 1049 1030 Turn
1067 964 1141 1048 quid
1160 964 1315 1048 judicium

190 1069 313 1153 ἔννομον
344 1069 394 1147 sit,
427 1086 516 1133 nomo
548 1068 626 1132 mihi
656 1068 853 1151 interpretari
885 1069 1008 1150 poterit.
1066 1067 1193 1133 Scilicet
1224 1086 1314 1132 omno

185 1171 338 1254 judicium
369 1172 495 1256 ἔννομον
527 1171 568 1236 sit
600 1190 724 1236 necesse
756 1173 813 1251 est,
846 1172 905 1236 hoo
932 1173 987 1251 est,
1017 1170 1170 1254 judicium
1193 1170 1314 1235 nullum

191 1279 310 1338 exstare
332 1275 444 1356 potest,
468 1275 528 1340 nisi
549 1274 618 1357 lege
640 1276 732 1339 antea
754 1276 970 1341 constitutum.
1023 1274 1068 1338 Do
1099 1274 1157 1338 hac
1188 1293 1221 1338 re
1243 1275 1314 1338 tan·

191 1379 257 1441 tum
280 1376 448 1460 disceptari
478 1377 590 1459 potest,
623 1377 726 1442 utrum
750 1377 872 1443 Polluci
899 1378 958 1461 ipsi
983 1378 1076 1442 etiam
1100 1377 1156 1441 has
1178 1377 1315 1458 ineptias

190 1480 363 1544 tribuamus
385 1499 423 1544 an
449 1479 576 1545 librario
604 1481 726 1545 crimini
748 1481 865 1545 demus.
912 1479 1106 1561 Quamquam
1130 1478 1243 1543 Pollux
1266 1480 1281 1542 t
1300 1514 1315 1526 -

189 1584 252 1648 lem
274 1601 306 1648 se
321 1583 472 1664 praebuit,
496 1583 531 1647 ut
553 1583 619 1649 eius
640 1584 800 1668 ingenium
813 1603 861 1648 ne
885 1584 974 1648 nauci
998 1583 1121 1665 quidem
1137 1582 1314 1647 habendum

191 1688 240 1765 sit,
272 1686 376 1750 tamen
400 1706 436 1750 ex
458 1686 525 1767 ipsa
548 1687 700 1752 sententia
722 1687 871 1752 Pollucea
893 1687 979 1768 sequi
1006 1686 1104 1764 oredo,
1136 1687 1172 1749 ut
1203 1685 1315 1750 lexico-

190 1789 325 1873 graphus
356 1790 459 1854 noster
485 1803 524 1854 re·
550 1808 622 1855 vora
644 1789 678 1855 ἐν
701 1789 782 1875 μόνῳ
814 1790 981 1872 scripserit.
1035 1789 1095 1854 Sed
1127 1789 1221 1854 etiam
1254 1789 1316 1853 alia

191 1892 303 1956 menda
325 1911 341 1954 e
365 1892 484 1956 mutato
508 1894 613 1957 ordino
628 1894 660 1957 et
682 1893 764 1958 tonte
780 1893 948 1958 Aristotele
971 1893 1127 1957 contracto
1151 1892 1219 1956 orta
1233 1890 1316 1970 apud

191 1994 351 2059 Pollucem
374 1995 636 2077 reprehendimus.
669 1999 687 2080 ξ
706 1997 747 2060 87
771 1998 848 2062 dicit
870 2015 981 2062 novem
1003 1997 1187 2062 archontum
1209 1995 1314 2073 fuisse,

190 2098 222 2162 in
244 2116 426 2180 unaquaque
449 2101 592 2183 prytanio
614 2101 763 2182 populum
786 2120 903 2184 rogare,
927 2101 1121 2184 praetoresue
1143 2099 1221 2164 bone
1244 2118 1315 2163 mu-

191 2219 262 2265 nero
285 2200 373 2282 fungi
394 2200 580 2280 viderentur,
613 2204 652 2280 et,
686 2203 826 2284 siquem
858 2203 990 2285 populus
1022 2203 1103 2267 male
1125 2202 1183 2267 hoc
1207 2200 1317 2266 secisse

190 2304 385 2381 decrevisset,
409 2305 446 2370 do
468 2306 528 2372 isto
546 2305 693 2389 judicare.
737 2305 821 2386 Quae
846 2307 949 2372 omnia
975 2307 1111 2389 primum
1133 2305 1245 2370 vitium
1270 2323 1317 2368 so-

192 2409 263 2472 cuta
294 2409 326 2473 et
349 2428 366 2473 e
388 2427 455 2492 cap.
478 2408 574 2487 61,2
605 2429 746 2493 perverse
778 2411 920 2494 prompta
952 2431 1018 2477 esse
1052 2429 1112 2475 nou
1144 2410 1200 2488 est,
1234 2409 1316 2491 quod

192 2511 300 2576 dicam.
346 2512 427 2577 Tum
450 2514 468 2597 ᾖ
489 2513 541 2592 91,
573 2533 651 2596 quae
673 2513 838 2596 respondet
860 2533 927 2598 cap.
951 2513 1002 2592 58,
1035 2514 1127 2579 verba
1150 2513 1247 2578 fontis
1272 2513 1316 2576 sic

191 2616 334 2694 mutavit,
365 2618 400 2682 ut
422 2617 608 2699 particulam
631 2619 686 2679 καὶ
707 2617 790 2682 inter
822 2616 984 2701 ἐπιτάφιον
1010 2619 1041 2681 ο1
1075 2624 1139 2692 τοῖς
1163 2614 1317 2700 τελευτη·

192 2717 281 2782 νόσον
311 2719 468 2784 omitteret
499 2722 530 2785 et
560 2720 662 2797 verba,
696 2739 774 2802 quae
805 2721 992 2802 particulam
1023 2722 1079 2783 καὶ
1105 2718 1211 2784 secuta
1233 2719 1316 2796 sunt,

192 2839 262 2884 oum
295 2821 395 2885 vorbir
430 2823 680 2888 antecedentibus
714 2824 933 2907 conjungeret,
972 2844 1031 2907 qua
1061 2843 1094 2888 re
1129 2822 1316 2887 sententiam

192 2941 315 3005 prorsus
338 2923 433 2988 aliam
455 2925 575 2990 effecit,
610 2925 707 2991 Credo
732 2947 768 2991 ex
789 2927 838 2992 his
861 2928 936 2993 locis
960 2927 1035 2993 satis
1059 2925 1193 2991 dilucido
1220 2944 1317 3008 appa-

192 3044 268 3107 roro,
291 3044 351 3089 non
367 3025 467 3090 solum
483 3027 642 3092 Pollucem
657 3030 826 3095 Aristotele
841 3032 907 3112 ipso
931 3050 1020 3096 usum
1044 3049 1119 3108 esse,
1143 3029 1197 3094 sed
1220 3029 1316 3094 etiarn

192 3128 285 3194 verba
307 3129 337 3192 in
369 3129 482 3196 litteris
511 3133 773 3198 commendaticiis
806 3133 845 3198 ad
869 3133 1073 3199 Commodum
1096 3133 1317 3216 imperatorem

193 3233 282 3311 datia,
315 3233 394 3299 libro
423 3233 509 3300 VIII.
541 3236 691 3317 praofixIS,
724 3237 885 3303 verissima
918 3256 1005 3302 esse:
1040 3245 1141 3300 ταῦτα
1172 3235 1236 3319 ἐγὼ
1260 3236 1320 3320 μὲν

193 3335 418 3423 συνελεξάμην,
451 3339 498 3403 ὅτι
531 3341 586 3425 μὲν
617 3340 667 3404 διὰ
689 3341 823 3427 ταχέων,
856 3342 933 3405 αὐτὸ
957 3340 1060 3427 δηλοῖ.
1115 3339 1180 3405 Nos
1203 3339 1318 3404 addere

191 3459 365 3524 possumus,
398 3461 457 3508 nou
489 3443 590 3509 solum
620 3446 769 3524 celeriter,
802 3444 856 3510 sed
888 3445 983 3510 etiam
1012 3443 1209 3527 neglegenter
1235 3444 1319 3507 hunc

191 3546 305 3611 librum
337 3546 510 3612 confectum
542 3566 619 3612 esse.
675 3551 710 3613 ln
741 3549 844 3613 verbis
877 3548 1056 3614 Aristotelis
1088 3545 1317 3623 contrahendis,

191 3648 436 3733 transponendis
467 3652 679 3733 permutandis
708 3651 828 3716 nullum
852 3650 976 3716 modum
1001 3649 1180 3727 adhibebat,
1213 3649 1318 3714 aliena

192 3753 315 3818 aliunde
337 3752 436 3835 petita
457 3753 697 3832 intermiscebat,
721 3753 774 3818 sed
797 3753 841 3818 ita
863 3754 977 3832 tamen,
1001 3754 1036 3819 ut
1058 3751 1226 3818 Aristotele
1248 3751 1316 3834 ipso

192 3855 291 3938 primo
314 3853 396 3920 fonto
419 3856 566 3934 uteretur,
589 3855 666 3920 alios
681 3855 838 3920 interdum
861 3856 983 3921 tantum
1001 3855 1115 3920 auxilio
1131 3852 1320 3920 adscisceret

193 3958 225 4020 et
246 3976 315 4022 cum
332 3957 501 4023 Aristotele
524 3958 758 4023 contaminaret.
792 3956 852 4036 oui
875 3977 945 4022 cum
968 3958 1079 4038 plenus
1103 3974 1183 4022 nuno
1207 3956 1319 4032 exstet,

192 4061 282 4125 tacite
303 4061 334 4124 in
350 4060 479 4125 Polluce
502 4062 680 4144 agnoscitur
702 4067 734 4126 et
756 4064 924 4140 exsecatur,
949 4062 988 4126 iis
1011 4061 1134 4126 indiciis
1158 4059 1318 4140 adhibitis,

191 4182 270 4248 quae
292 4182 309 4228 ο
330 4163 367 4246 ἐξ
389 4163 534 4227 85-92
557 4183 626 4230 cunr
650 4166 705 4229 Ar.
729 4184 795 4248 cap.
818 4165 966 4230 55-59
989 4163 1177 4247 comparatis
1200 4180 1316 4246 cogno-

190 4285 302 4332 vimus.
