2924 4928
707 350 749 415 20

268 550 344 616 Uter
374 569 481 616 verum
504 552 642 616 ordinem
666 552 842 631 servaverit,
875 552 1078 636 Etymologus
1101 573 1140 617 an
1163 553 1292 621 Lexieo-

163 653 309 736 grapbus,
333 652 445 717 dubius
469 653 586 720 haereo.
630 654 713 720 Nam
736 654 794 719 etsi
816 654 888 719 huic
910 655 1021 720 Nauck
1036 657 1056 739 ¹)
1079 674 1200 721 summo
1219 657 1292 740 jure

164 757 299 841 palmam
324 757 476 823 stultitiae
499 759 580 822 Inter
595 759 734 825 homines
749 759 840 824 istius
856 759 885 824 b.
903 779 929 824 e.
946 760 1188 850 Byzantinorum
1203 761 1292 826 aeta·

163 861 205 926 tis
227 860 338 925 tribuit
361 864 393 925 et·
414 861 505 926 huius
530 862 682 940 „uirtutes
705 863 808 927 nullae
831 861 911 940 sunt,
934 863 1012 927 vitia
1027 863 1197 939 innumera,
1221 871 1291 929 stu·

164 982 220 1046 por
241 963 462 1040 incredibilis‘,
496 965 599 1029 tamen
631 983 701 1029 mex
724 964 915 1043 uidebimus,
948 966 979 1030 et
1010 965 1102 1031 illum
1134 965 1291 1032 similibus

165 1066 250 1131 vitiis
273 1085 333 1130 non
348 1085 465 1133 vacare.
502 1065 614 1148 Itaque
630 1065 695 1131 fieri
711 1068 823 1149 potest,
845 1067 882 1132 ut
896 1065 1099 1150 Etymolegus
1114 1068 1147 1132 et
1161 1066 1291 1133 Lexieo·

165 1171 299 1253 graphus
323 1170 361 1235 ad
384 1169 514 1235 eundem
538 1170 652 1235 fantem
674 1170 855 1236 referantur.

268 1273 410 1338 Ceterum
446 1273 537 1338 unius
568 1272 629 1338 loei
662 1273 779 1336 ratione
810 1271 917 1337 babIta
949 1271 1026 1336 eerti
1055 1271 1173 1355 aliquid
1204 1271 1289 1336 affir-

165 1396 247 1442 mare
278 1377 425 1441 temerius
458 1378 505 1441 est
535 1395 632 1458 neque
669 1394 749 1440 nune
786 1375 885 1440 fantes
923 1374 979 1439 lex.
1013 1373 1109 1438 Vina.
1147 1392 1290 1455 perseru-

163 1483 223 1546 tari
254 1479 318 1558 sed,
350 1498 443 1562 quam
474 1480 548 1544 vilia
579 1480 659 1557 sint,
694 1497 772 1561 quae
795 1478 996 1563 Etymalogus
1028 1477 1067 1542 ad
1097 1477 1289 1558 respublicas

163 1602 289 1667 graecas
312 1584 539 1663 cognoscendas
563 1583 678 1661 afferat,
703 1584 830 1664 probare
846 1581 964 1646 studeo.
1009 1581 1117 1663 Neque
1132 1599 1290 1664 repugna-

163 1687 220 1765 bis,
245 1688 345 1762 eredo,
378 1693 403 1752 si
431 1705 550 1750 meeum
574 1684 825 1762 consideraveris,
857 1704 934 1767 quae
956 1685 988 1747 in
1011 1685 1061 1748 Ilt.
1085 1683 1130 1748 M.
1154 1685 1210 1749 sub
1234 1689 1289 1750 νο-

165 1789 251 1852 cibus
275 1787 465 1873 ἐπίσταθμοι
488 1790 519 1853 et
541 1787 705 1851 ἐπιστάται
729 1786 869 1866 legimur,
894 1786 1029 1868 unquue
1053 1803 1193 1850 corrasa:

168 1977 215 2041 Et.
242 1977 284 2040 Μ.
310 1978 385 2043 364.
412 1979 454 2040 36
489 1976 700 2062 ἐπίσταθμοι·
749 1978 812 2042 lex.
847 1978 920 2058 809.
952 1976 990 2040 V,
1016 1978 1096 2042 253.
1121 1977 1164 2039 22
1200 1973 1288 2038 Ἐπί-

166 2078 315 2163 ἄρχοντὲς
360 2079 418 2141 εἰσι
462 2081 547 2162 παρὰ
591 2082 626 2142 τὸ
671 2080 704 2144 ἐν
749 2079 908 2163 σταθμοι·
934 2078 962 2142 οἱ
985 2082 1134 2163 ἄρχοντες
1157 2080 1213 2141 καὶ
1232 2100 1288 2141 σα-

166 2183 322 2268 σταθμοῖς
359 2183 437 2247 εἶναι
468 2181 700 2268 ὠνομασμένοι.
749 2181 875 2265 τράπαι,
900 2181 928 2244 οἰ
951 2182 1142 2266 κατέχοντες
1164 2180 1290 2268 βασιλεῖ

168 2285 307 2369 σταθμοὶ
338 2282 372 2347 δέ
404 2286 479 2350 εἰσιν
502 2285 533 2347 αἱ
556 2307 703 2369 καταγω-
749 2288 805 2361 τὰς
827 2284 987 2370 ὑπηκόους
1006 2285 1124 2368 πόλεις,
1149 2287 1236 2368 παρὰ
1253 2287 1288 2347 τὸ

165 2388 231 2473 γαί.
258 2386 436 2471 Ἃρμοστὰς
459 2388 493 2451 δὲ
512 2391 582 2464 τοὺς
604 2375 703 2452 τοιου-
750 2388 801 2452 ἐπὶ
816 2398 880 2464 τοῖς
896 2389 1051 2474 σταθμοῖς
1067 2388 1144 2452 εἶναι
1160 2409 1167 2426 ·
1186 2389 1288 2452 σταθ-

166 2513 238 2568 τους
266 2492 507 2578 Λακεδαιμόνιοι
539 2491 700 2556 καλοῦσιν.
751 2493 801 2576 μοὶ
832 2491 865 2554 δέ
897 2490 929 2553 αἱ
961 2490 1168 2576 καταγωγαί.
1203 2491 1231 2556 οἱ
1254 2492 1289 2556 δὲ

167 2597 215 2661 [t.
241 2599 286 2662 Μ.
312 2600 391 2664 364.
410 2600 453 2662 39
476 2595 700 2679 Ἐπίσταθιμοι·
748 2594 987 2680 Λακεδαιμόνιοι
1025 2598 1095 2670 τοὺς
1131 2595 1289 2671 τοιούτους

165 2700 192 2763 οἱ
216 2701 374 2783 σατράπαι
396 2698 424 2763 οἱ
443 2697 635 2783 κατέχοντες
650 2699 704 2784 βα·
749 2699 906 2783 ἁρμοστὰς
933 2698 1080 2762 ἐκάλουν.

167 2802 248 2866 σιλεῖ
276 2805 331 2878 τὰς
357 2802 562 2886 ὑποκειμένας
584 2801 702 2878 πόλεις.
751 2823 848 2903 Ham,
875 2820 955 2902 [pst.
990 2838 1013 2882 τ,
1041 2839 1070 2883 τ,
1103 2818 1287 2903 ἐπιστάτης·

166 2906 214 2969 [t.
241 2906 286 2969 Μ.
305 2908 383 2969 364.
402 2907 437 2968 41
462 2903 627 2967 ἐπιστάται
650 2905 705 2968 δύο
751 2922 805 2986 aba
820 2924 903 3006 ητττ
917 2920 1108 3007 ’Auamma'
1133 2922 1176 2986 ὧν
1199 2921 1290 3007 ὁμὲν

168 3010 250 3092 ἦσαν
273 3005 462 3091 Ἀθήνησιν)
488 3007 529 3069 ὢν
553 3007 643 3090 ὁμὲν
666 3007 705 3070 {a
750 3025 789 3088 ἐκ
820 3024 999 3108 πρυτάνεων
1036 3024 1232 3111 ἐκληροῦτο,
1271 3025 1290 3088 ὁ

165 3109 343 3194 πρυτάνεων
360 3109 546 3196 ἐκληροῦτο,
572 3109 588 3172 ὁ
610 3110 645 3173 δέ
666 3110 705 3173 ἐκ
751 3128 785 3190 δὲ
809 3127 847 3191 ἐκ
869 3126 1034 3211 προέδρων.
1083 3127 1171 3194 guid,
1201 3147 1230 3195 τ,
1256 3149 1286 3192 τ,

167 3213 333 3296 πΡΟὲδΡωΨ
750 3230 825 3314 gl2
848 3230 898 3313 (ef.
916 3230 1070 3312 Telephus
1085 3250 1134 3312 ap.
1145 3231 1289 3296 Eustath.

750 3335 781 3398 in
798 3333 855 3399 od.
871 3333 962 3417 9455
979 3353 1009 3415 p.
1025 3333 1117 3397 1827.
1134 3334 1290 3417 51-54).

165 3421 319 3505 φυλάσσει
364 3419 397 3483 δὲ
442 3431 497 3483 τοῦ
528 3420 609 3505 ἱεροῦ
649 3424 705 3498 τὰς
751 3436 905 3520 φυλάσσει
942 3437 975 3499 δὲ
1016 3445 1070 3499 τοῦ
1114 3436 1195 3521 ἱεροῦ
1233 3440 1291 3516 τὰς

165 3525 252 3601 κλεῖς
283 3525 316 3588 ἓν
348 3524 372 3606 ᾧ
404 3525 444 3586 τὰ
468 3523 603 3609 δημόσια
625 3525 704 3610 Iet-
751 3539 850 3622 κλεῖς,
884 3539 917 3602 ἐν
940 3541 964 3623 ᾧ
987 3542 1028 3604 τὰ
1050 3539 1186 3626 δημόσια
1207 3542 1290 3628 χρή-

165 3649 260 3713 ματα·
287 3629 333 3690 ἐτι
358 3627 420 3711 μην
443 3629 499 3690 καὶ
528 3629 585 3712 την
609 3627 704 3713 δημο-
751 3663 848 3725 ματα,
877 3643 923 3705 ἔτι
946 3644 1009 3728 μην
1031 3645 1087 3707 καὶ
1109 3645 1168 3729 την
1191 3644 1289 3731 δημτ.

166 3729 367 3814 σφραλέδαλι
752 3744 820 3808 σίαν
844 3745 1012 3829 σφραγῖδα.

165 3866 291 3950 λέγεται
325 3868 358 3929 δὲ
392 3870 447 3931 καὶ
478 3868 703 3955 ὀέρεστηκὼς
751 3869 848 3949 Ηοιρ.
874 3866 955 3948 [pii.
990 3887 1013 3933 s.
1047 3867 1066 3929 f.
1100 3864 1229 3950 ἐλέγετο
1253 3866 1289 3929 δὲ

164 4060 316 4067 --.---
324 4061 371 4066 ..-
382 4061 420 4066 ..-

268 4193 293 4257 1)
313 4192 443 4258 Prolegg.
462 4208 487 4259 p.
506 4191 578 4245 XIII.

267 4278 293 4344 2)
312 4277 344 4331 ln
363 4279 422 4331 ead.
441 4277 516 4330 Fler.
536 4278 577 4330 ed.
597 4276 687 4330 Miller
704 4291 729 4343 p.
750 4277 799 4331 123
817 4276 938 4342 legimus
957 4275 1083 4344 δημοσίαν
1101 4275 1242 4343 σφραγῖδα.
