2924 4928
682 344 703 407 9

120 549 317 634 significaret.
372 549 512 615 Εύύυνοι
546 551 629 616 enim
663 570 733 616 cum
763 550 914 616 ministris
947 551 1010 615 suis
1042 549 1125 632 apud
1156 569 1246 615 suum

121 655 248 736 quisque
279 653 329 718 vel
361 672 434 717 suae
468 654 596 736 quisque
626 655 726 719 tribus
759 653 944 737 eponymum
975 653 1160 731 considunt,
1192 655 1246 719 ubi

121 775 175 838 per
197 757 260 821 tres
283 755 349 820 dies
372 756 501 821 cuilibet
532 756 592 821 civi
615 758 644 820 in
668 756 897 840 magistratum,
920 774 1048 820 munere
1070 756 1245 832 abeuntem,

121 859 274 924 actionem
297 859 459 924 inst'tuere
481 859 595 925 licebat
618 862 698 942 (cap.
721 859 774 925 48.
791 861 835 941 4),
867 861 899 924 ct
929 859 1034 923 album
1058 859 1246 942 epheborum

122 963 287 1027 atticorum
317 962 380 1026 aori
403 963 534 1027 incisum
557 962 627 1027 ante
650 964 794 1028 senatum
816 981 911 1045 prope
935 965 1054 1027 statuas
1078 980 1245 1046 eponymo-

121 1083 190 1128 rum
213 1065 308 1129 situm
331 1067 379 1131 est
401 1067 480 1149 (cap.
504 1065 556 1130 53.
574 1065 640 1150 4¹).
686 1066 800 1132 Utrum
832 1085 929 1150 genus
957 1065 1086 1147 utroque
1109 1065 1176 1130 loco
1199 1065 1245 1129 in-

125 1166 335 1249 tellegendum
356 1167 447 1244 esset,
473 1167 589 1232 nemini
612 1168 848 1233 Atheniensium
880 1168 995 1232 civium
1026 1168 1155 1232 dubium
1178 1187 1244 1232 esse

125 1270 238 1351 potuit,
284 1271 356 1352 quia
396 1290 475 1335 unus
514 1270 558 1334 sic
602 1271 819 1355 appellabatur
861 1271 948 1335 locus
991 1270 1096 1352 ibique
1139 1270 1246 1335 decem

120 1375 241 1437 tantum
264 1373 385 1438 statuae
407 1374 525 1457 positae
548 1376 645 1438 erant.
691 1374 750 1439 His
773 1375 886 1452 autem,
916 1373 1092 1438 hominibus
1114 1374 1243 1457 graecis,

122 1494 181 1540 non
206 1475 303 1552 nobis,
328 1476 513 1553 Aristoteles
540 1495 595 1540 sua
622 1477 755 1558 scripsit.
809 1477 913 1542 Primo
936 1477 1003 1542 loco
1027 1495 1098 1541 cum
1120 1476 1244 1541 uberius

121 1576 159 1641 de
191 1577 330 1642 creandis
361 1578 425 1642 illis
457 1579 596 1643 tribuum
627 1579 787 1662 eponymis
820 1578 1020 1660 disputasset,
1051 1582 1153 1644 nostro
1176 1579 1244 1644 loco

119 1682 226 1764 paucis
248 1700 314 1746 rem
337 1683 493 1747 absolvere
516 1683 654 1764 poterat;
687 1685 779 1765 atque
806 1683 950 1748 absolvit.
996 1683 1057 1748 Sed
1079 1682 1243 1748 discrimen

119 1787 278 1868 utriusque
309 1786 430 1869 generis
453 1789 577 1851 omnino
600 1787 724 1851 silentio
747 1787 914 1868 praeterire
941 1787 1029 1851 nulla
1049 1787 1166 1852 ratione
1188 1806 1243 1870 po·

120 1889 192 1965 tuit,
214 1888 366 1970 siquidem
382 1889 572 1971 propositum
588 1889 698 1954 babuit
713 1908 870 1971 exponere,
895 1888 976 1953 unde
1000 1890 1242 1972 cognosceretur,

120 1990 188 2074 quis
202 1992 363 2075 sexaginta
381 2010 476 2056 annos
492 1994 583 2056 natus
598 1993 689 2057 esset.
723 1993 786 2058 Fac
808 1993 901 2071 enim,
925 1991 1127 2056 Aristotelem
1150 2011 1246 2056 enun-

118 2094 232 2158 tiatum
247 2095 332 2175 prius
348 2093 504 2180 ἐπώνυμοι
519 2093 599 2159 δέκα
622 2096 678 2180 μὲν
700 2095 728 2159 οἱ
751 2103 813 2159 τῶν
837 2095 942 2178 φυλῶν
966 2095 1105 2161 omisisse
1121 2095 1245 2159 statim-

120 2215 178 2278 que
201 2197 246 2262 sic
268 2197 341 2275 fere,
364 2200 523 2264 enuntiato
547 2199 746 2263 antecedente
768 2199 865 2278 finito,
888 2199 1072 2281 perrexisse:
1105 2198 1164 2262 εἰσὶ
1185 2199 1245 2281 γὰρ

120 2298 274 2385 ἐπώνυμοι
297 2300 350 2364 δύο
374 2303 428 2365 καὶ
451 2301 686 2386 τετταράκοντα
701 2310 763 2367 τῶν
778 2302 923 2388 ἡλικιῶν.
964 2302 1073 2367 Nonne
1089 2304 1156 2367 tum
1175 2301 1244 2384 jure

74 2392 77 2396 “
120 2400 352 2479 admiraremur,
386 2421 441 2468 cur
473 2400 604 2486 scriptor
634 2407 692 2470 hoc
723 2424 836 2470 novum
867 2423 964 2488 genus
988 2404 1157 2489 ἐπωνύμων
1180 2405 1245 2469 sine

119 2505 184 2569 ulla
205 2505 458 2588 interpretatione
481 2507 677 2573 induxisset?
734 2507 845 2572 Nonne
865 2508 933 2590 jure
962 2508 1244 2589 interrogaremus:

119 2610 205 2673 estne
237 2608 362 2673 tertium
386 2628 483 2692 genus
512 2629 734 2694 eponymorum
757 2611 811 2674 aut
833 2609 977 2691 quartum
1001 2610 1055 2672 aut
1077 2608 1245 2690 quintum?

119 2710 232 2776 Utres
255 2701 343 2777 nunc¹
358 2732 425 2777 sese
447 2713 549 2792 habet,
574 2714 676 2779 omnia
699 2713 835 2777 dilucida
858 2714 939 2776 sunt.
990 2712 1173 2776 Aristoteles
1195 2712 1244 2774 iu-

120 2814 195 2896 cipit
216 2834 235 2879 a
257 2816 538 2898 quadragintaniris
558 2817 661 2899 ibique
686 2818 808 2898 saepius
832 2815 1035 2880 diaetetorum
1058 2815 1244 2880 montionem

119 2918 220 2982 facere
254 2918 370 2997 debuit,
403 2937 496 3002 quam
528 2919 566 2985 ob
596 2938 660 2984 rem
690 2919 828 2985 decrevit
850 2938 930 2983 nune
953 2918 990 2982 de
1013 2918 1060 2983 his
1084 2919 1243 2983 disserere·

120 3019 188 3100 Qua
219 3022 250 3085 in
281 3041 315 3086 re
346 3021 375 3086 ei
405 3022 524 3104 placuit
557 3023 671 3088 mirum
701 3023 790 3088 illum
814 3023 941 3087 modam
970 3040 1129 3104 exponere,
1162 3021 1244 3084 unde

120 3125 362 3205 cognosceretur,
395 3124 518 3190 cuinam
544 3146 560 3191 e
583 3126 702 3192 civibus
725 3129 810 3191 aetas
833 3125 952 3190 adhoc
975 3143 1087 3189 munus
1110 3124 1243 3188 subeun-

121 3225 195 3290 dum
217 3228 389 3292 necessaria
412 3229 502 3293 esset.
549 3227 635 3308 Quod
660 3248 730 3294 cum
753 3248 770 3293 e
794 3227 908 3293 tabulis
928 3226 1060 3311 ἡλικιῶν
1076 3224 1245 3309 ἐπωνύμων

122 3331 250 3413 pateret,
274 3331 372 3397 facere
389 3350 448 3396 non
464 3334 574 3415 potuit,
592 3334 665 3417 quin
684 3334 794 3398 horum
809 3331 1010 3397 meminisset.
1049 3330 1124 3394 Inde
1140 3330 1245 3394 secuta

119 3434 167 3496 est
181 3433 340 3498 annotatio
356 3433 539 3500 brevissima
553 3435 589 3500 de
600 3435 777 3500 discrimine
790 3435 951 3514 utriusque
967 3431 1138 3516 ἐπωνύμων
1150 3450 1244 3514 gene·

120 3535 173 3600 ris.
210 3535 318 3619 Neque
329 3537 456 3616 diutius,
471 3558 563 3621 quam
579 3557 702 3604 necesse
713 3539 789 3616 erat,
805 3540 940 3602 moratus
954 3535 1130 3601 discrimine
1139 3535 1244 3616 paucis

120 3637 220 3704 verbis
234 3640 342 3705 notato
354 3641 462 3707 statim
474 3641 512 3706 ad
525 3642 747 3707 enarrationem
760 3641 963 3721 interruptam
975 3638 1150 3704 revertitur.
1182 3637 1244 3701 Fa-

120 3740 236 3808 eillime
250 3742 341 3809 hodie
354 3744 507 3827 quispiam
522 3745 635 3810 melius
649 3744 743 3810 rerba
758 3743 932 3827 componat,
955 3742 1008 3807 sed
1021 3740 1137 3805 tradita
1151 3740 1244 3805 verba

117 3949 376 3958 -----

222 4100 246 4165 1)
265 4102 312 4157 Sic
339 4118 361 4159 e.
389 4118 431 4171 gr.
448 4105 528 4159 Dem.
547 4103 588 4158 20.
613 4106 654 4167 94,
673 4105 716 4157 24.
743 4105 782 4166 18,
803 4104 838 4156 23
864 4103 904 4167 (in
922 4100 1005 4171 lege),
1033 4103 1117 4156 lsocr.
1146 4104 1186 4158 18.
1211 4105 1244 4157 61

117 4189 245 4244 scribunt
271 4189 386 4256 πρόσθεν
413 4195 465 4242 τῶν
491 4189 644 4254 ἐπωνύμων.
671 4191 705 4245 cf.
732 4191 761 4244 L.
788 4192 883 4259 Lange
907 4191 1047 4256 ἐπώνυμος
1063 4188 1152 4260 ἅρχων
1180 4191 1245 4257 Lpz.

118 4274 355 4344 arnulpum.
391 4292 454 4332 ann.
473 4279 515 4332 65.
