2924 4928
778 302 820 366 48

236 510 390 576 industria
413 510 536 575 silentio
559 510 729 595 praeteriit,
754 510 836 592 quod
858 510 924 593 ipse
946 507 1063 573 indicat
1086 507 1203 572 verbis:
1237 507 1373 572 συνδιοι-

236 612 516 688 restituebatur
540 611 655 688 ἄλλαις
688 613 801 698 ἀρχαῖς
831 614 872 675 τὰ
902 610 1045 693 πλεῖσθ’,
1078 609 1120 685 ὡς
1149 611 1223 687 ἔπος
1255 610 1371 674 εἰπεῖν.

236 713 339 780 Simili
361 714 480 781 ratione
503 715 617 781 adduci
641 717 771 799 poterat,
803 717 838 780 ut
860 716 1014 780 curatores
1037 715 1167 787 riarum,
1199 732 1250 779 eos
1274 717 1329 795 qui
1354 733 1375 778 a

234 814 404 883 rationibus
427 820 541 897 essent,
564 818 691 897 scribas,
727 818 912 896 sacerdotes,
938 817 1139 900 magistratus
1163 816 1315 881 Salamini
1337 817 1374 880 et

235 921 346 987 Piraeo
370 921 561 1006 praepositos
585 941 651 1007 cap.
672 922 712 985 54
736 923 867 1000 afferret,
892 922 1056 1004 antequam
1080 921 1136 985 snb
1150 920 1251 985 linem
1273 919 1372 984 huius

234 1026 332 1108 partis
363 1043 472 1090 nouem
509 1026 672 1091 archontes
705 1045 766 1090 una
797 1024 1012 1090 describendos
1045 1043 1246 1108 aggressurus
1273 1025 1370 1087 esset·

234 1127 322 1191 Sicut
353 1146 371 1192 a
403 1128 685 1212 quadragintaviris
717 1148 783 1214 cap.
808 1128 850 1193 53
883 1129 922 1192 ad
946 1126 1096 1192 diaetetas
1128 1125 1258 1204 deflexit,
1293 1126 1371 1207 quia

233 1232 326 1296 huius
364 1232 569 1312 magistratus
603 1232 634 1295 in
666 1231 775 1298 olficiis
812 1231 1155 1314 quadragintavirorum
1187 1229 1370 1293 enarrandis

234 1336 356 1418 saepius
379 1336 567 1400 mentionem
600 1336 724 1411 faceret,
757 1354 880 1401 necesse
904 1333 1015 1418 erat¹),
1048 1335 1093 1399 ita
1115 1333 1153 1398 ad
1176 1331 1369 1417 εἰςαγωγὲας

234 1439 356 1503 animus
389 1438 454 1522 ejus
486 1457 518 1503 se
542 1439 719 1504 convertere
750 1440 860 1524 potuit,
893 1441 966 1521 quia
996 1439 1087 1502 antea
1118 1437 1146 1501 ei
1168 1437 1302 1501 multum
1325 1435 1367 1499 de

235 1541 366 1624 εἰςάγειν
389 1540 603 1606 disserendum
627 1543 702 1607 erat.
747 1541 828 1606 Nolo
855 1541 1035 1606 contendere
1057 1559 1107 1604 me
1130 1539 1160 1603 in
1184 1537 1366 1603 Aristotelis

235 1644 398 1708 consilium
421 1645 534 1710 melius
559 1646 798 1711 Wilamowitzio
825 1646 1010 1729 penetrasse,
1043 1662 1141 1726 neque
1165 1641 1261 1707 audeo
1291 1661 1366 1725 per-

235 1766 382 1825 severare,
407 1749 588 1832 scriptorem
605 1751 648 1814 sic
668 1769 766 1831 neque
790 1749 881 1813 aliter
896 1767 945 1813 res
961 1747 1158 1832 disposuisse.
1196 1745 1264 1810 Hoc
1279 1762 1365 1822 vero,

234 1850 351 1932 opinor,
375 1850 453 1914 mihi
478 1852 635 1931 concedes,
659 1871 719 1917 non
743 1870 866 1917 necesse
890 1870 966 1929 esse,
990 1851 1025 1914 ut
1047 1850 1118 1915 inde
1142 1847 1365 1914 concludamus

234 1952 434 2018 Aristotelem
470 1955 552 2019 fonte
590 1975 644 2020 suo
677 1958 818 2021 coactum
855 1974 921 2020 esse
952 1956 988 2019 ut
1008 1955 1088 2019 hanc
1110 1953 1363 2018 distributionem

234 2056 390 2121 retineret.
992 2068 994 2072 ‘

233 2347 318 2435 §9-
369 2349 481 2417 Fons
503 2347 616 2436 ipsc,
652 2367 771 2435 quem
796 2319 1074 2417 Wilamowilz
1106 2347 1231 2438 ponii,
1265 2364 1363 2414 cum

233 2449 369 2519 indole
391 2449 583 2536 Arrhidis,
617 2452 811 2538 quantum
844 2451 963 2520 nobis
997 2470 1021 2519 e
1052 2449 1294 2540 fragmentis
1319 2451 1362 2518 ei

226 2553 385 2645 judicio
425 2554 613 2644 Dionysii
650 2554 1037 2624 Halicarnassensis
1076 2554 1241 2643 cognita
1280 2554 1361 2638 cst,

637 2678 719 2726 non
743 2658 944 2746 congruit.

335 2844 415 2907 Tum
446 2864 482 2908 ne
514 2845 572 2910 hoc
604 2847 832 2925 obliviscamur,
867 2847 1038 2911 cavendum
1061 2847 1117 2924 est,
1146 2845 1360 2922 Aristotelem,

232 2949 380 3028 quantum
404 2949 528 3025 scimuS,
561 2952 693 3031 primurn
725 2951 835 3031 luisse,
868 2950 930 3032 qni,
964 2969 1150 3032 quamquam
1182 2949 1360 3014 bominibus

232 3051 352 3114 nostrae
376 3051 488 3116 aetatis
512 3070 568 3115 non
598 3051 720 3130 suflicit,
753 3053 856 3117 tamen
888 3055 971 3119 corta
1002 3055 1033 3118 et
1064 3054 1208 3136 diligenti
1238 3053 1360 3118 ratione

232 3172 384 3218 summam
408 3155 451 3218 rei
474 3155 616 3239 publicae
639 3157 875 3221 Atheniensium
903 3158 934 3222 in
957 3158 1015 3222 hac
1038 3157 1135 3222 libelli
1159 3157 1247 3241 parta
1269 3156 1360 3221 nobis

231 3257 404 3342 explicaret.
450 3259 531 3323 Nam
556 3262 669 3325 lontani
693 3260 956 3326 aWilamovitzio
979 3261 1181 3344 postulatum,
1205 3260 1258 3342 qui
1280 3278 1358 3323 non·

141 3389 143 3393 ⁴
231 3363 305 3425 dum
328 3363 544 3447 comprobatus
579 3365 628 3443 sit,
663 3385 784 3430 summo
812 3366 880 3448 jure
904 3365 1081 3430 etiamnunc
1104 3365 1261 3430 secludere
1283 3383 1357 3448 pos-

231 3485 347 3530 sumus.
389 3467 458 3532 Etsi
481 3469 633 3550 quomodo
656 3470 783 3533 historia
806 3468 979 3534 litterarum
1002 3487 1192 3552 graecarum,
1216 3485 1357 3552 praeser-

230 3570 286 3632 tim
320 3589 397 3652 quae
429 3570 468 3634 ad
491 3591 540 3636 res
571 3574 674 3654 gestas
701 3573 901 3654 publicasque
932 3574 1128 3659 pertinerent,
1161 3571 1355 3656 processerit,

230 3672 308 3735 satis
330 3673 421 3738 certis
443 3673 556 3738 linibus
579 3675 826 3740 circumscribere
858 3695 1020 3760 possumus
1032 3676 1070 3759 ²),
1101 3677 1204 3740 tamen
1236 3673 1353 3738 nullius

229 3895 484 3907 ——n—

333 4048 345 4097 l
378 4047 411 4103 cl.
430 4064 463 4103 su
484 4065 515 4103 ra
553 4092 558 4102 .
596 4093 601 4103 .

332 4053 360 4202 23
379 4114 412 4189 ef.
431 4053 642 4198 R.pSchgll,9dio
654 4137 782 4205 Ansange
801 4139 880 4193 einer
897 4140 1068 4205 politischen
1080 4141 1223 4194 liberatur
1240 4140 1286 4194 bei
1298 4141 1354 4194 den

229 4221 377 4275 Griecben.
413 4221 556 4287 l'estrede,
574 4222 712 4277 Miinchen
732 4225 806 4278 1890.
