2924 4928
231 591 348 674 ἱστορεῖ
371 589 403 653 ἐν
426 599 465 673 τῇ
489 588 592 676 Ἀθη-

227 691 592 778 νοιίωνπολιτείρΛημο·

233 796 351 883 σθένης
362 796 386 880 ¹)
401 796 434 860 ἐν
444 796 592 860 Φιλιππι-

229 907 297 963 κῶν
320 900 478 984 τετάρτῳ·
502 899 593 982 (sici)

233 1002 275 1085 ,οἱ
306 1001 467 1087 λογοποιοὶ
500 1003 558 1086 (sie
571 1005 591 1086 Ι)
616 1001 685 1067 Lex.
705 1001 911 1068 Dem.Patm.
924 1001 972 1066 ed.

231 1107 289 1181 τὰς
311 1108 436 1191 πομπὰς
451 1106 592 1192 πομπεὺ·
615 1104 778 1172 Sakkelion
793 1125 822 1189 p.
836 1104 874 1168 il
891 1107 976 1169 κατὰ

231 1228 319 1271 ουσιν
343 1209 415 1295 ὑμῖν
431 1212 510 1295 μετὰ
530 1216 592 1273 τῶν
615 1207 775 1274 Φιλίππου
798 1209 840 1275 Α.
873 1210 891 1292 ξ
919 1206 972 1272 26.

232 1309 401 1394 ἱεροποιῶν(
418 1361 425 1377 .
445 1313 591 1399 μὴἀγνο·
615 1334 640 1379 s.
663 1312 684 1378 f.

228 1421 314 1498 ῶμεν
329 1414 375 1498 δὲ,
399 1417 446 1479 ὅτι
464 1417 520 1478 καὶ
535 1415 591 1479 ἄλ·
615 1417 674 1480 εἰσὶ
688 1415 721 1479 δὲ
737 1417 792 1479 καὶ
807 1414 898 1479 ἄλλοι
913 1422 976 1478 τῶν
991 1416 1049 1479 εἰσὶ
1089 1415 1123 1480 δὲ
1160 1417 1215 1479 καὶ
1259 1415 1361 1480 ἄλλοι

232 1517 281 1582 λοι
291 1517 367 1583 εἰσὶν
377 1518 520 1602 ἱεροποιοὶ
530 1526 591 1582 τῶν
615 1527 734 1605 σεμνῶν
757 1518 853 1582 θεῶν.
991 1518 1135 1604 ἱεροποιοὶ
1150 1525 1212 1583 τῶν
1231 1528 1362 1604 σεμνῶν

229 1627 352 1704 σεμνῶν
395 1622 493 1704 θεῶν,
540 1623 592 1685 τὸν
991 1623 1088 1706 θεῶν,
1122 1623 1153 1686 οἳ
1183 1624 1235 1688 τὸν
1261 1622 1360 1706 ἀριθ-

229 1722 367 1807 ἀριθμὸν
393 1724 483 1788 δέκα.
530 1724 592 1809 Δη-
992 1728 1047 1812 μὸν
1071 1727 1147 1791 εἰσιν
1170 1725 1320 1810 ἀόριστοι.

231 1825 392 1911 μοσθένης
408 1828 439 1891 ἐν
455 1836 498 1912 τῷ
508 1829 593 1890 κατὰ

232 1927 359 1992 Μειδίου
373 1930 398 2014 ²)
433 1932 479 2014 ,οὐ
503 1931 592 2013 (sicl)

231 2032 368 2114 περιεῖδε
384 2042 452 2109 ταῖς
468 2043 594 2118 σεμναῖς

233 2134 326 2209 ’θεαῖς
344 2133 494 2219 ἱεροποιὸν
513 2135 593 2219 οιὶρε-

234 2236 336 2303 ῶέντοι
358 2237 392 2316 ἐξ
412 2237 594 2324 Ἀθηναίων

233 2342 381 2407 ἁπάντων
424 2345 479 2408 καὶ
526 2344 595 2426 περὶ

234 2447 593 2531 τονοιύτὸνκοιιρὸν(εἱοὶ)

235 2546 494 2636 καταρξάμενον.
528 2551 595 2616 Δεί-

236 2653 386 2739 ναρχος3)
419 2655 453 2717 δὲ
486 2655 518 2718 ἐν
551 2665 595 2740 τῷ

235 2758 321 2820 κατὰ
339 2756 524 2842 Λυκούργου
548 2760 596 2821 εὐ-

236 2861 341 2923 θυνῶν
353 2879 442 2944 φησι·
463 2863 530 2943 ,καὶ
542 2862 598 2936 τὰς

237 2964 350 3046 σεμνὰς
394 2963 493 3046 θεὰς,
549 2965 598 3038 οἷς

233 3066 355 3141 ,ἐκεῖνος
371 3065 519 3150 ἱεροποιὸς
540 3089 597 3129 κοι-

233 3170 354 3244 τοιστοὶς
384 3169 516 3247 δέκατος
543 3172 597 3234 οιύ-

233 3271 314 3347 τόςι.

299 3522 305 3526 .
311 3521 494 3530 --..---

338 3689 362 3754 1)
381 3688 460 3742 Dein.
490 3691 514 3742 4.
534 3689 575 3743 26.
629 3689 706 3743 Vitia
728 3689 771 3742 Et.
798 3687 833 3741 M.
857 3684 877 3737 Δ
904 3701 956 3755 pre
984 3682 1013 3750 A,
1041 3686 1174 3754 λογοποιοί
1195 3700 1246 3753 pro
1273 3684 1360 3736 λοιποί

234 3776 331 3826 uirum
358 3775 473 3829 librario
500 3790 536 3828 an
554 3775 609 3843 ipsi
627 3776 737 3830 auctori
755 3775 866 3829 crimini
885 3774 976 3828 danda
993 3775 1058 3838 sini,
1084 3773 1190 3842 neseio,
1218 3786 1302 3841 quam
1320 3771 1357 3825 ob

236 3873 296 3912 rem
316 3861 461 3927 corrigere
478 3875 536 3915 non
554 3862 652 3915 audeo.
689 3861 765 3915 idem
782 3862 861 3915 velet
880 3861 914 3915 de
931 3861 1004 3925 loeo,
1032 3860 1079 3928 qui
1097 3860 1233 3927 sequitur,
1260 3859 1309 3912 ubi
1326 3857 1357 3909 οὐ

236 3945 363 3999 additum
391 3949 419 4000 et
446 3948 534 4001 verba
551 3947 752 4002 Demosthenis
778 3949 864 4014 τρίτον
882 3945 960 3997 αὐτόν
978 3947 1007 4000 in
1026 3945 1085 4014 περὶ
1102 3946 1147 3997 τὸν
1164 3942 1358 4011 αὐτὸντρόπον

233 4031 391 4097 depravata
408 4034 482 4085 suni.

339 4137 364 4198 2)
383 4135 462 4188 Dem.
478 4136 518 4188 21.
538 4135 596 4189 115.

339 4239 366 4303 3)
384 4239 448 4306 Frg.
469 4240 538 4294 orat.
558 4241 607 4296 att.
636 4241 698 4295 coil.
718 4239 778 4295 (iar.
797 4239 903 4295 Miiller.
950 4239 1030 4294 Paris
1060 4238 1128 4293 1858
1154 4253 1179 4306 p.
1206 4238 1265 4293 456.
1309 4237 1358 4290 Di·

233 4324 330 4380 ποινὴ.
350 4325 401 4392 frg.
420 4326 461 4378 31.
