2924 4928
669 353 712 418 99

121 563 376 630 consuetudinem
402 562 429 625 V
452 562 484 626 et
506 561 550 625 IV
573 562 774 639 saeculorum,
799 561 890 644 quale
910 562 1012 641 tuerit,
1043 581 1102 628 non
1125 565 1248 648 ignore-

121 686 198 732 mus.
245 665 373 732 Constat
395 665 491 749 igitur
515 665 540 727 V
566 683 645 730 saec.
677 664 851 750 ἐπιστάτην
882 683 1004 748 semper
1029 685 1045 730 e
1067 667 1151 733 tribu
1172 687 1247 750 πρυ-

122 767 296 852 τανευοὺσῃ
330 767 467 833 creatum
499 787 576 846 esse,
613 768 667 850 qui
704 768 787 832 solus
825 768 927 832 omnia
958 767 997 832 ad
1028 769 1184 835 contiones
1217 772 1249 834 et

123 870 333 938 convocandas
371 872 402 936 et
434 870 592 935 habendas
624 872 763 948 curaret,
803 869 847 933 IV
878 888 957 935 saec.
991 870 1068 936 duos
1099 872 1248 955 epistates

123 973 358 1059 distinguendos
380 993 457 1052 esse,
481 974 612 1039 alterum
636 974 801 1057 prytanum
824 992 841 1038 e
864 972 955 1053 tribu,
988 992 1065 1056 quae
1087 975 1248 1059 prytauiae

122 1096 248 1142 munere
279 1079 347 1142 tum
370 1077 558 1160 fungeretur,
590 1077 723 1141 alterum
754 1077 955 1167 proedrorum
977 1097 993 1141 e
1017 1096 1126 1142 nouem
1147 1078 1247 1143 trihu-

122 1181 190 1259 hus,
214 1198 291 1262 quae
313 1180 372 1244 hoc
394 1181 460 1261 ipso
482 1180 622 1262 tempore
642 1182 797 1259 vacarent,
820 1181 949 1245 creatos.
986 1181 1031 1244 At
1054 1181 1247 1259 Aristotelea,

123 1283 206 1348 sicut
234 1301 291 1365 par
323 1284 398 1360 erat,
431 1301 521 1347 suum
554 1281 676 1364 tempus
707 1282 788 1348 he.
815 1282 1066 1348 consuetudinem
1091 1285 1143 1348 lV.
1167 1303 1246 1349 saec.

122 1385 260 1468 respicit.
305 1384 339 1450 Si
361 1384 571 1470 lexicographi
593 1386 701 1463 nostri,
734 1385 765 1450 id
796 1385 877 1468 quod
900 1385 1107 1451 Wilamouitz
1130 1388 1248 1468 opinari

122 1489 254 1565 uidetur,
277 1506 337 1553 non
360 1488 529 1571 penderent
550 1507 587 1553 ex
609 1489 788 1564 Aristotele,
823 1489 877 1554 sed
909 1489 948 1554 ad
979 1489 1108 1554 eundem
1132 1490 1248 1556 fontem

124 1592 328 1675 antiquiorem
352 1593 554 1671 recurrerent,
579 1593 628 1658 vel
650 1613 729 1658 unus
753 1612 789 1658 er
809 1593 858 1658 his
882 1593 1003 1658 diversa
1026 1593 1064 1657 ab
1080 1593 1248 1658 Aristotele

123 1695 255 1773 doceret,
291 1696 474 1779 praesertim
504 1715 574 1761 cum
596 1697 678 1780 apud
701 1698 836 1762 oratores
860 1698 891 1760 et
913 1697 1044 1761 comicos
1065 1695 1157 1761 huius
1179 1716 1247 1760 ma-

123 1797 273 1881 gistratus
296 1799 419 1881 saepius
442 1799 558 1864 mentio
580 1799 645 1864 fiat.
690 1799 912 1882 Aristophanes
935 1799 1024 1863 nobis
1046 1798 1078 1863 iu
1098 1798 1266 1866 Thesmo»

122 1899 314 1982 phoriazusis
336 1921 386 1966 uu.
409 1899 473 1964 372
496 1919 541 1984 sq.
565 1902 735 1967 contionem
760 1901 941 1966 feminarum
974 1901 1120 1966 describit
1150 1902 1248 1967 totam

123 2002 163 2067 acl
194 2002 368 2087 exemplum
401 2004 550 2068 contionis
580 2003 685 2086 populi
709 2003 948 2068 Atheniensium
970 2003 1008 2068 V.
1032 2022 1110 2069 saec.
1133 2004 1248 2070 fictam.

123 2105 366 2188 Praescriptum,
391 2107 475 2189 quod
491 2107 613 2187 dicitur,
638 2107 721 2172 idem
736 2109 784 2172 est
805 2110 899 2190 atque
921 2109 964 2186 id,
987 2108 1068 2190 quod
1083 2111 1248 2174 sescenties

123 2211 154 2272 in
176 2208 281 2275 t'tulis
303 2209 342 2274 V.
366 2228 447 2275 saec.
469 2210 597 2294 legitur.
643 2209 766 2277 Scholia
787 2211 1005 2293 Aristophanis
1038 2213 1249 2278 vetustissima

123 2314 155 2376 et
186 2312 305 2395 optima
336 2331 457 2379 summo
483 2314 553 2396 jure
577 2314 802 2379 existimantur.
847 2315 964 2379 Tamen
986 2315 1026 2380 ad
1048 2333 1153 2381 uocem
1176 2316 1247 2380 ἐπε-

124 2414 233 2480 στάτει
258 2435 287 2480 u.
310 2415 374 2480 373
406 2417 617 2499 explicandam
649 2417 816 2483 scholiasta
848 2418 907 2482 nisi
938 2437 1034 2501 nugas
1066 2419 1111 2484 nil
1142 2419 1248 2484 afferre

124 2517 237 2600 potuit,
275 2519 348 2600 quia
371 2518 409 2583 cle
430 2519 583 2585 institutis
606 2520 644 2583 V.
667 2538 747 2584 saec.
778 2519 908 2584 minima
938 2521 967 2585 oi
998 2521 1120 2604 cognita
1150 2524 1247 2585 erant.

124 2618 318 2702 Quicumque
349 2624 454 2687 autem
486 2641 502 2687 e
533 2622 660 2705 reliquis
682 2622 763 2687 hunc
785 2622 1004 2705 magistratum
1026 2611 1247 2688 commemora·

123 2724 244 2803 uerunt,
277 2724 480 2792 Aristotelem
511 2726 675 2791 manifesto
708 2727 806 2791 secuti
838 2727 870 2790 et
900 2726 1027 2808 plurimi
1050 2728 1194 2811 prytanea
1218 2731 1249 2791 et

122 2827 271 2908 proedros
302 2829 355 2908 ita,
394 2831 430 2894 ut
460 2828 644 2895 Aristoteles
675 2829 758 2908 feeit,
796 2829 890 2893 simul
926 2830 1121 2912 interpretati
1157 2831 1246 2894 sunt:

123 2930 223 3012 Harp.
247 2949 272 2995 s.
295 2951 324 2996 u.
358 2931 542 3018 ἐπιστάτης,
580 2933 639 2996 lex.
663 2932 733 3015 Seg.
756 2934 794 2997 V.
816 2931 888 3000 244.
911 2931 973 3011 31,
1011 2933 1165 3017 Telephus
1198 2953 1247 3016 ap.
1384 3010 1387 3016 ἢ

123 3033 269 3099 Eustath.
302 3033 395 3100 1827.
426 3035 563 3100 51-54.
608 3035 680 3101 Lex.
704 3036 792 3101 Dem.
816 3056 846 3119 p.
873 3034 911 3099 l3
943 3036 1114 3122 ἐπιστάτην
1137 3038 1248 3114 solum,

124 3137 165 3201 id.
190 3155 221 3220 p.
248 3136 301 3223 12]
307 3138 344 3201 13
366 3137 532 3222 προέδρους
554 3138 637 3205 solos
659 3139 832 3222 explicavit,
855 3158 931 3221 quos
953 3139 1050 3222 Harp.
1074 3159 1100 3204 s.
1122 3159 1152 3204 v.
1175 3139 1248 3223 πρό-

125 3239 207 3323 εδροι
238 3241 270 3304 et
302 3241 360 3306 lex.
385 3241 455 3325 Seg.
481 3242 518 3306 V.
541 3241 659 3308 290.8
690 3243 803 3307 iterum
835 3241 988 3324 sejunctos
1020 3261 1038 3306 a
1068 3242 1247 3325 prytanibus

124 3345 342 3411 tractaverunt.

228 3446 272 3513 Ut
302 3449 513 3531 ostendamus,
547 3449 697 3531 quomodo
728 3447 907 3514 Aristotelis
929 3447 1053 3512 libellus
1076 3466 1094 3511 a
1116 3449 1247 3528 posteris

125 3550 194 3614 sons
219 3551 384 3634 singularis
408 3552 440 3616 et
461 3553 644 3634 praecipuus
667 3551 859 3617 existimatus
882 3552 933 3629 sit,
966 3553 1058 3634 caput
1080 3549 1122 3613 53
1144 3550 1247 3632 perlu-

126 3654 278 3718 stremus:
315 3654 396 3720 idem
430 3655 534 3738 caput,
564 3655 619 3720 ubi
649 3655 709 3721 duo
738 3674 851 3738 genera
872 3672 1089 3739 eponymorum
1113 3671 1247 3718 comme-

126 3756 247 3821 morata
268 3759 350 3823 sunt.

394 3981 428 4062 n)
468 3981 496 4044 in
519 3983 626 4062 plesse
650 3981 989 4065 τετταράκοντα.

230 4148 324 4216 Initio
356 4150 448 4216 huius
482 4153 592 4234 capitis
625 4154 661 4217 de
693 4154 970 4236 quadragintesims
1001 4154 1134 4234 disserit,
1172 4175 1248 4238 quae

127 4254 222 4318 rerba
244 4254 365 4337 praeter
386 4254 550 4320 Pollucem
574 4255 660 4320 Vlll.
679 4255 740 4320 100
762 4275 780 4321 a
801 4254 893 4322 Phot.
917 4276 941 4322 s.
964 4277 991 4322 u.
1016 4257 1249 4341 τετταράκοντα

1048 4377 1076 4431 7*
