2924 4928
166 573 357 656 philologum
388 572 455 637 fieri
486 591 545 637 non
577 571 691 636 scholis
712 572 845 654 publicis
877 571 931 636 sed
954 591 1047 655 quarn
1068 572 1288 654 privatissimis

166 676 328 741 audiendis
359 694 465 740 omnes
487 676 589 758 gregis
612 675 709 741 nostri
731 675 806 739 socii
830 693 890 738 non
914 674 1079 756 negabunt.
1124 674 1224 754 Quam
1246 676 1285 740 ob

144 799 229 857 rom
250 781 350 844 iacere
373 798 433 843 non
454 797 589 861 possum,
622 779 694 860 quin
726 797 776 842 mo
798 776 986 859 discipulum
1019 778 1141 842 scholae
1174 779 1288 843 etiam-

165 885 240 947 tunc
261 881 546 964 Dorpatansis
569 899 635 945 esse
657 880 811 964 profitear.
854 881 935 945 Item
956 883 1045 962 grato
1061 882 1163 945 animo
1179 882 1287 961 grata·

165 1005 224 1068 que
240 986 388 1050 memoria
410 1001 530 1067 semper
551 983 674 1061 tenebo,
697 1003 747 1048 me
769 1001 830 1047 non
853 983 963 1060 solum,
986 981 1060 1046 dum
1083 984 1159 1047 civis
1178 984 1286 1048 acade-

164 1089 263 1154 micos
285 1107 393 1166 essem,
417 1087 472 1152 sed
493 1088 593 1152 multo
615 1087 725 1169 magis,
758 1087 922 1168 postquam
944 1105 1070 1150 examen
1094 1086 1134 1150 ad
1156 1086 1286 1167 gradum

165 1191 322 1256 candidati
343 1191 542 1257 obtinendum
563 1191 696 1256 feliciter
716 1208 920 1272 superassem,
956 1190 1071 1255 crebris
1094 1191 1288 1255 sermonibus

165 1292 453 1376 apraeceptoribus
484 1293 560 1358 meis
591 1293 729 1375 adjutum
762 1293 866 1374 itaque
893 1291 1056 1373 paullatim
1090 1291 1288 1377 μεμυημένον

164 1396 281 1461 factum
303 1414 379 1460 esse.
423 1395 502 1460 Leo
525 1395 664 1478 Meyer·
686 1395 846 1459 elementis
869 1395 944 1459 artis
962 1395 1183 1477 grammaticae
1201 1413 1285 1459 com-

164 1499 326 1581 parandae,
359 1499 470 1580 quibus
492 1517 582 1563 nemo
604 1497 779 1581 philologus
802 1516 902 1562 carere
924 1499 1035 1579 potest,
1068 1517 1122 1562 nos
1149 1498 1288 1562 imbuero

165 1600 320 1667 studebat.
365 1600 575 1684 Georgius
609 1600 869 1679 Loosohoke,
903 1620 984 1665 nuno
1005 1601 1190 1678 Hennensis,
1220 1602 1288 1684 ipse

165 1723 269 1769 amora
302 1703 399 1768 totius
430 1704 624 1784 antiquitatis
654 1703 777 1784 penitus
809 1703 950 1768 incensus
982 1705 1116 1768 similem
1149 1723 1286 1769 amorem

165 1809 278 1872 mirum
301 1807 451 1888 quantum
474 1807 505 1870 in
529 1806 640 1870 animis
662 1806 812 1889 juvenum
836 1807 999 1871 excitabat.
1044 1807 1287 1872 Ludovious

165 1908 489 1988 Mendelssohn,
535 1910 611 1974 artis
656 1909 779 1974 criticae
817 1910 1032 1992 peritissimus,
1078 1909 1156 1991 legis
1199 1910 1285 1974 illius

166 2011 341 2095 praeclarae
380 2020 470 2094 ,νᾶφε
500 2014 556 2074 acl
590 2010 721 2096 ptpooro'
758 2012 912 2089 ἀπιστεῖνι
952 2032 990 2076 nc
1027 2012 1287 2088 oblivisceremur,

166 2133 286 2197 semper
318 2114 455 2179 curabat.
500 2113 742 2179 Guilelmus
774 2115 1159 2192 Hoersohelmarrn,
1189 2115 1285 2178 inter·-

165 2236 235 2299 pres
267 2218 451 2299 scriptorum
482 2218 620 2282 veterum
651 2237 721 2282 cum
752 2220 971 2300 sagacissimus
1002 2219 1069 2282 tam
1093 2218 1286 2301 elegantissi-

167 2340 245 2398 mus,
276 2321 428 2403 quomodo
459 2322 490 2385 iu
522 2321 614 2386 verba
635 2321 750 2386 tradita
772 2320 988 2403 inquirendum
1011 2323 1100 2397 esset,
1136 2341 1190 2386 nos
1213 2321 1287 2386 edo·

166 2423 263 2488 oebat.
310 2424 416 2504 ltaque
439 2424 562 2488 scholae
585 2425 782 2489 Boeclrbiana
804 2426 835 2489 et
857 2425 1087 2489 Hermanniana
1110 2425 1140 2487 in
1163 2424 1287 2488 univer·

166 2525 257 2590 sitate
281 2526 384 2590 nostra
406 2525 647 2590 familiarissime
672 2526 753 2590 inter
775 2544 840 2590 sese
864 2527 1092 2591 concertabant.

268 2628 302 2692 L.
325 2629 486 2712 Meyerum
508 2631 539 2693 et
563 2628 600 2692 G.
624 2629 855 2719 Loesobokium,
878 2630 958 2694 uiros
981 2629 1185 2707 doctissimos,
1209 2649 1285 2710 quos

166 2730 342 2797 etiamnunc
364 2734 466 2797 valere
489 2751 682 2815 summopere
704 2733 833 2814 gaudeo,
856 2751 939 2816 rogo,
971 2736 1006 2796 ut
1028 2734 1163 2814 gratiam
1185 2753 1286 2797 meam

166 2852 257 2914 quarn
281 2836 446 2898 maximam
469 2834 616 2899 benevole
639 2836 800 2918 accipiant.
847 2836 1030 2901 Memoriam
1052 2856 1123 2901 vero
1142 2837 1176 2900 L.
1197 2836 1286 2900 Men·

166 2935 321 3000 delssohni
352 2937 382 3000 et
415 2936 451 3000 G.
476 2937 760 3015 Hoersobelmanni,
794 2956 870 3018 quos
903 2940 1132 3020 praematuram
1155 2940 1286 3001 mortem

147 3038 278 3103 ⁴obiisse
301 3058 364 3117 nos,
398 3040 550 3122 discipuli,
584 3060 646 3104 una
667 3059 738 3105 curn
761 3041 930 3124 philologia
953 3061 1135 3117 maeremus,
1167 3060 1287 3163 semper

166 3160 215 3205 me
237 3141 288 3222 pio
311 3142 413 3206 animo
436 3144 651 3207 veneraturum
674 3162 740 3207 esse
763 3144 919 3225 polliceor.

268 3243 394 3308 Fautori
424 3245 516 3310 huius
543 3247 693 3328 opusculi,
725 3247 746 3312 J
756 3248 910 3328 oseplro
943 3248 1086 3326 chio,
1123 3265 1177 3328 pro
1161 3247 1286 3312 ofessori

166 3347 376 3411 universitatis
404 3347 581 3414 Kioviensis
615 3349 662 3414 Sti
686 3349 858 3426 Vladimiri,
893 3368 988 3430 aeque
1020 3368 1055 3412 ao
1087 3349 1167 3414 socio
1198 3347 1285 3411 labo·

166 3449 209 3514 ris
244 3449 276 3512 in
310 3450 446 3533 plagulis
483 3453 690 3535 corrigendis,
726 3452 912 3517 Arthuro
949 3451 1148 3528 Broolrio,
1189 3450 1287 3514 sodali

166 3553 363 3633 amicissimo,
379 3557 523 3637 gratiam,
541 3545 633 3639 quam
649 3576 751 3622 coram
764 3556 892 3634 reddidi,
912 3556 1045 3620 hocloco
1059 3556 1194 3638 repetere
1206 3554 1286 3619 uolo.

271 3773 447 3838 Scribebam
469 3774 651 3839 Kioriae
748 3762 750 3766 ⁸

231 3876 356 3941 ineunte
393 3896 497 3941 mense
528 3878 695 3942 Februario

383 4000 408 4047 a.
434 3980 525 4044 1897.
