2924 4928
169 557 289 642 βιωκὼς
328 558 440 640 ἄριστα
477 558 532 619 καὶ
576 554 681 640 πάσης

169 658 269 734 αἰτίας
291 657 548 745 ἀπηλλαγμένος,
581 659 682 743 νόμων

170 785 204 829 τε
227 761 361 847 stennon
383 765 439 825 καὶ
453 762 612 837 καθιστὰς
627 763 683 836 τὰς

168 869 291 950 γραφὰς
313 866 356 940 εἰς
378 867 413 927 τὸ
437 863 546 949 μέτρον
569 867 624 927 καὶ
646 867 682 927 τὸ

169 969 243 1032 ὅλον
258 959 465 1053 εἰρὴνοδίκης)
490 975 554 1041 τοῖς
577 968 683 1042 αὐτοῖς

170 1072 357 1146 διαιτοῡντες
391 1071 447 1144 τας
478 1069 550 1133 κατ’
581 1068 682 1152 ἀλλή-

170 1173 234 1238 λων
270 1172 403 1258 γραιροίς.
472 1171 525 1255 Τῷ
565 1172 600 1234 δὲ
638 1174 681 1257 μὴ

170 1275 342 1361 αὐτόχδονι
362 1277 421 1338 οὐκ
437 1274 543 1358 ἐφεῖτο
563 1274 682 1351 εἰςιέναι

169 1381 255 1462 παρὰ
298 1382 352 1441 τὸν
402 1379 566 1462 διαιτητὴν
609 1380 682 1441 οὔτε

170 1481 324 1563 διώκοντι,
349 1484 422 1544 οὔτε
444 1479 601 1564 φεύγοντι.

777 554 1038 640 ὑπειλημμένους,
1070 557 1210 619 ἀπὸτοῦ
1234 555 1292 640 λη-

778 656 943 743 ξιαρχικοῡ
974 657 1189 743 γραμματείου
1212 658 1292 743 κλη-

779 760 956 844 ρώσαντες,
991 762 1032 823 τὰ
1063 771 1124 825 τῶν
1156 760 1293 824 πολιτῶν

778 865 900 927 διαιτᾶν
922 863 1058 928 ἐποίουν.

777 1170 873 1249 ξένοις
908 1171 1016 1256 μέντοι
1047 1193 1086 1256 γε
1119 1173 1170 1236 ἐπὶ
1201 1180 1293 1234 τοῦτο

776 1273 886 1338 ἐλθεῖν
908 1276 944 1338 οὐ
969 1274 1211 1362 συγκεχώρητο.
1243 1276 1291 1354 ἔξ-

777 1399 844 1440 εστι
859 1377 894 1441 δὲ
910 1387 975 1453 τοῖς
992 1380 1200 1464 μεμφομένοις
1216 1380 1293 1444 δίαι-

777 1501 835 1544 ταν
857 1479 1073 1544 ἐκκαλεῖσθαι
1092 1484 1129 1544 τὸ
1144 1482 1295 1568 δημόσιον

777 1582 991 1666 δικαστήριον.

273 1739 456 1820 Peregrinos
472 1737 635 1802 arbitrium
650 1737 793 1820 flagitare
816 1738 930 1804 uetitos
945 1757 1011 1802 esse
1029 1739 1151 1821 praeter
1166 1739 1293 1805 Suidam

171 1844 202 1907 et
216 1842 354 1906 Pseilum
371 1860 460 1906 nemo
475 1854 622 1923 umquam
639 1840 753 1906 docuit.
797 1840 942 1905 Aetatem
955 1841 996 1905 ad
1010 1861 1122 1906 munus
1140 1842 1295 1908 diaetetae

74 2015 77 2020 ,
171 1945 363 2009 subeundum
387 1944 590 2007 neeessariam
614 1962 672 2007 uon
697 1943 920 2025 quinquaginta
942 1947 995 2007 sed
1012 1947 1174 2027 sexaginta
1198 1965 1295 2010 anno·

171 2067 241 2112 rum
263 2048 358 2111 fuisse
381 2047 451 2128 quis
473 2048 532 2127 eet,
555 2046 608 2127 qui
630 2047 776 2128 ignoret?
799 2046 867 2110 Hoc
890 2047 1075 2112 Aristoteles
1097 2049 1150 2112 53.
1172 2049 1193 2110 4
1217 2048 1296 2113 dixit

171 2152 203 2214 et
224 2149 256 2227 ii,
290 2149 343 2230 qui
375 2150 478 2231 aliquo
509 2149 600 2213 modo
632 2149 662 2212 in
695 2150 864 2214 Aristotele
896 2150 1054 2229 nituntur,
1086 2151 1294 2232 repetierunt:

171 2253 252 2317 Poll.
275 2252 362 2317 VIII.
387 2251 458 2328 126,
481 2251 631 2335 lenteg.
655 2253 693 2316 V.
725 2251 799 2316 235.
831 2251 882 2326 20,
914 2252 972 2316 lex.
1006 2253 1095 2318 Dom.
1127 2273 1157 2335 p.
1183 2252 1232 2316 13.
1257 2253 1295 2317 ad

172 2357 190 2437 ς
214 2355 266 2430 27,
304 2355 399 2419 schol.
423 2355 504 2418 Plat.
528 2355 610 2437 legg.
633 2354 689 2418 Xi.
712 2354 777 2418 920
800 2355 827 2418 D
852 2356 994 2437 (Dirbuer
1017 2356 1047 2419 ΙΙ
1078 2376 1108 2438 p.
1131 2355 1205 2422 466.
1228 2356 1295 2440 31).

172 2459 329 2522 Diaetetas
353 2461 635 2542 quinquagenarios
659 2458 752 2522 fuisse
774 2457 898 2521 Psellus
920 2478 937 2522 e
961 2458 1056 2523 Suida
1077 2460 1199 2523 tantum
1223 2477 1295 2541 eog-

172 2581 295 2628 noscere
318 2563 429 2644 potuit.
474 2562 499 2624 Ε
522 2562 627 2644 glossa
649 2561 765 2642 pusilla
795 2562 853 2626 lex.
877 2561 947 2644 Sag.
973 2562 1026 2626 IV.
1051 2561 1124 2628 186.
1149 2563 1177 2626 l.
1202 2563 1295 2647 (ὑπὲρ

171 2668 212 2728 τὰ
233 2664 434 2750 πεντήκοντα
457 2665 514 2749 ἐτη
533 2665 616 2748 ἦσαν
632 2663 747 2748 κριταί)
769 2666 866 2749 totam
884 2665 1089 2730 narrationem
1105 2664 1296 2729 Psellianam

172 2771 311 2834 derivare
334 2789 392 2833 nou
420 2768 526 2832 audeo.

223 2976 224 2981 ,
248 2921 341 2986 Micia.
367 2923 461 2986 ΡεοΙΙ.
486 2921 504 3002 ξ
526 2923 560 2984 41
574 2920 610 3003 ¹).
729 2919 733 3055 γ
824 2920 911 2984 Suid.
934 2940 959 2982 ε.
983 2940 1011 2984 ν.
1034 2917 1244 3003 τετραδισταί.

172 3075 374 3159 τετραδιστοὶς
392 3074 425 3137 δέ
440 3073 610 3159 Ἀθηναῖοί
625 3067 683 3157 ρα-

174 3201 220 3243 σιν
252 3181 297 3254 οίς
328 3177 428 3262 ἔλαχε
451 3177 514 3264 βίος
534 3176 684 3252 ,ἐπίπονος

173 3284 228 3345 καὶ
260 3279 469 3364 ταλαίπωρος,
510 3278 683 3365 σκληρότε-

173 3406 225 3468 ρον
269 3385 321 3468 ἀφ’
358 3383 552 3467 Ἡρακλέους
588 3386 686 3459 οὕτως

173 3489 284 3564 αὐτοὺς
306 3486 520 3571 ὀνομάζοντες.
568 3485 685 3569 Τετάρ-

173 3613 230 3676 της
251 3593 312 3674 γὰρ
335 3600 390 3653 τοῦ
415 3591 510 3675 μηνὸς
529 3592 617 3664 οὗτος
632 3611 685 3673 γε·

172 3694 347 3778 γεννῆσδαι
371 3692 543 3778 ἱστόρηται.

758 3074 806 3136 ὀί
829 3073 973 3137 ἐπίπονον
995 3072 1060 3159 βίον
1082 3073 1253 3157 διάγοντες.

866 3383 928 3444 ἀπὸ
951 3391 1006 3444 τοῦ
1029 3380 1237 3464 Ἡρακλέους,

866 3485 898 3560 ὃς
907 3484 1031 3568 τετράδι
1040 3484 1205 3569 γεννηθείς
1217 3483 1294 3546 πολ-

782 3587 854 3662 λοὺς
876 3587 988 3663 πίνους
1011 3586 1103 3672 έτλη.
1293 3586 1296 3592 ’

276 3846 419 3927 Exceptis
441 3845 478 3927 ἓξ
500 3844 551 3909 29.
574 3843 626 3907 36.
641 3843 693 3907 39.
706 3842 758 3907 49.
774 3843 826 3907 51.
843 3846 945 3906 omnia
969 3843 1064 3906 etiarn
1087 3841 1117 3904 in
1142 3840 1294 3903 immenso

173 3948 286 4012 Suidae
308 3950 451 4013 thesauro
474 3947 673 4011 inveniuntur
704 3946 735 4010 ot
766 3965 789 4009 s,
815 3967 842 4011 ν.
875 3946 1007 4030 τριττίς,
1041 3943 1079 4008 ad
1112 3963 1203 4026 quam
1241 3961 1296 4007 νο-

231 4108 444 4115 -—.-.—-

280 4192 303 4255 1)
321 4191 351 4244 iu
369 4191 425 4243 lex.
445 4189 508 4255 Seg.
527 4188 560 4241 V.
579 4189 638 4242 309.
657 4188 690 4241 28
708 4188 780 4242 haee
806 4189 918 4241 tantum
940 4188 1087 4254 leguntur:
1117 4183 1295 4252 τετραδιστοί.

173 4276 198 4326 oi
215 4276 335 4327 ἐπίπονον
353 4274 412 4339 βίον
430 4275 572 4342 διάγοντες.
