2924 4928
694 364 754 428 147

266 570 332 650 §a
367 568 473 651 Neque
496 568 695 633 statuendum
719 571 766 634 ost
780 569 982 635 Aristotelem
998 588 1068 634 sen·
1169 580 1218 618 Μ·

368 673 480 736 tentias
518 672 598 736 alius
637 673 796 737 cuiosrlam
842 673 970 737 tacitum
1009 673 1068 736 im·

368 794 502 858 pugnare
543 824 1066 840 ..........
1135 776 1215 839 45-
1242 776 1284 838 48

267 915 335 996 §A
368 913 448 976 sons
481 914 566 996 ipse,
604 933 696 996 quem
727 913 935 979 Wilamouita
973 915 1068 996 ponit,
1130 980 1133 985 ,

369 1036 439 1081 cum
464 1016 565 1081 indole
589 1017 738 1095 atthidis,
771 1020 919 1099 quantum
943 1017 1070 1081 nobise

369 1120 550 1203 fragmentis
573 1122 604 1184 at
624 1120 740 1204 judicio
768 1120 905 1204 Dionysii
928 1120 1070 1184 Halicar-

368 1224 520 1287 nassensis
543 1224 666 1306 cognita
688 1224 743 1302 est,
777 1241 836 1287 non
871 1223 1013 1305 congruit
1059 1271 1066 1285 .
1135 1223 1220 1284 48-
1242 1221 1282 1284 51

166 1376 268 1457 θυμοί
292 1378 325 1441 ΙΙ.
373 1374 530 1454 Quatenus
554 1376 731 1441 Aristotelis
763 1377 930 1442 auctoritas
953 1376 992 1441 ad
1014 1395 1069 1459 po·

265 1478 363 1542 steros
386 1478 549 1560 scriptores
575 1479 727 1561 pertineat
773 1527 780 1542 .
830 1526 838 1543 .
888 1527 895 1542 .
945 1527 952 1541 .
1003 1527 1009 1542 .
1060 1527 1067 1542 .
1135 1479 1284 1543 aass-ms

266 1635 283 1716 ξ
317 1636 333 1698 Ι.
367 1633 479 1698 Pollux
496 1633 608 1714 quibus
628 1632 702 1698 locis
720 1634 886 1698 Aristotele
909 1633 976 1714 ipso
999 1652 1073 1698 usus

369 1738 418 1814 sit,
443 1738 647 1821 investigatur
716 1784 1066 1800 .......
1185 1771 1217 1780 -

266 1876 335 1957 §2
371 1868 547 1941 Aristotelis
563 1876 732 1941 auotoritas
749 1875 829 1958 apud
854 1876 971 1939 ceteros
994 1875 1071 1939 sori-

369 1980 470 2060 ptores
487 2025 953 2042 .........
963 2022 965 2027 ,
1005 2027 1011 2040 .
1061 2026 1069 2040 .
1136 1975 1285 2038 oss-105

369 2083 399 2165 a)
431 2083 461 2145 in
484 2082 588 2165 glossa
610 2079 762 2166 ἡγεμονία
784 2079 1012 2165 δικαστηρίων.
1062 2129 1069 2144 .
1136 2079 1219 2142 68-
1245 2078 1286 2142 73

368 2185 400 2264 b)
432 2186 463 2248 in
487 2185 591 2268 glossa
613 2186 763 2270 ἄρχοντες
786 2185 834 2251 vel
858 2186 953 2250 sim..
1004 2232 1011 2247 .
1061 2231 1069 2248 .
1137 2181 1223 2247 73-
1245 2181 1286 2244 ta
1387 2257 1389 2263 Ι

373 2288 402 2371 c)
435 2289 466 2353 in
490 2290 594 2372 glossa
615 2288 824 2375 θεσμοθετῶν
856 2288 1014 2373 ἀνάκρισις
1061 2336 1068 2351 .
1138 2287 1221 2350 79-
1244 2285 1283 2348 81

370 2392 402 2474 d)
434 2391 466 2455 in
488 2391 592 2473 glossa
616 2389 760 2475 ίεροποιοί
773 2439 1066 2454 ......
1135 2389 1220 2451 81-
1244 2388 1286 2451 82

369 2497 398 2579 e)
434 2496 464 2559 in
488 2495 591 2577 glossa
613 2493 718 2579 ἐχῖνος
774 2543 1069 2558 ......
1137 2493 1220 2555 82-
1244 2492 1286 2553 84

369 2598 395 2680 f)
432 2598 462 2661 in
486 2598 590 2682 glossa
612 2596 753 2660 πινάκιον
778 2645 1070 2660 ......
1138 2594 1222 2656 84*-
1245 2592 1287 2656 85

370 2701 403 2783 g]
435 2700 466 2764 in
489 2700 600 2784 glossis
624 2698 779 2787 βακτηρία
813 2701 843 2764 et
866 2700 1021 2786 σύμβολον
1063 2748 1070 2762 .
1137 2698 1221 2760 85-
1245 2696 1287 2759 86

371 2805 404 2887 h)
436 2804 465 2868 iu
489 2803 593 2887 glossa
621 2802 840 2890 τετρυπημένη
864 2804 967 2888 ψηρος
1006 2851 1013 2866 .
1063 2851 1070 2866 .
1139 2801 1181 2864 86

371 2908 395 2989 ί)
437 2909 468 2971 in
492 2907 604 2990 glossis
627 2905 777 2982 καδίσκος
800 2909 831 2971 σί
853 2908 1012 2991 ἀμφορεῖς.
1062 2953 1070 2970 .
1137 2903 1223 2967 86-
1245 2903 1287 2966 88

370 3011 402 3094 l)
440 3011 470 3074 in
486 3010 598 3092 glossis
614 3009 788 3094 πρυτάνεις,
801 3008 982 3094 πρυτανεία,
998 3030 1073 3094 πρυ-

439 3123 559 3196 τανεῖα,
584 3113 676 3198 κυρία
699 3109 858 3200 ἐκκλησία
892 3162 899 3176 .
950 3163 956 3176 .
1007 3163 1013 3176 .
1065 3163 1071 3176 .
1139 3112 1222 3174 88-
1245 3111 1286 3173 94

370 3219 394 3302 Ι)
435 3217 466 3282 in
490 3219 595 3301 glossa
617 3217 804 3303 δικαστήρια
823 3216 1002 3302 Ἀθήνησιν
1024 3217 1073 3281 vel

440 3322 498 3386 sim
503 3368 1072 3386 ...........
1138 3317 1222 3380 94-
1245 3316 1288 3380 98

372 3429 416 3510 m)
437 3426 468 3489 iu
491 3425 603 3509 glossis
627 3423 791 3489 ἐπιστάται
822 3426 853 3488 et
875 3423 1016 3508 πρόεδροι
1062 3471 1069 3486 .
1138 3420 1224 3484 98-
1245 3419 1288 3482 99

373 3531 405 3613 ιι)
437 3529 468 3592 in
491 3529 594 3612 glossa
617 3527 852 3612 τετταράκοντα
892 3577 898 3590 .
949 3576 956 3590 .
1006 3575 1013 3589 .
1064 3575 1071 3588 .
1138 3521 1288 3586 99-100

372 3636 402 3713 o)
436 3632 468 3696 in
490 3630 593 3714 glossa
616 3630 772 3716 διαιτηταί
834 3677 1070 3693 .....
1119 3625 1287 3690 100-101

372 3734 405 3818 p)
437 3735 468 3798 in
491 3735 595 3818 glossa
617 3733 772 3819 ἐπώνυμοι
834 3781 1069 3797 .....
1118 3727 1288 3794 101-102

370 3840 401 3921 q)
435 3839 466 3902 in
490 3838 594 3922 glossa
616 3836 737 3901 ἀδικίου
778 3884 1071 3900 ......
1120 3832 1289 3897 102-103

373 3945 401 4022 ι)
437 3942 467 4005 in
491 3943 596 4025 glossa
617 3938 764 4025 πωληταί
777 3986 1070 4003 ......
1119 3934 1288 4000 los-105

270 4083 288 4164 ᾖ
311 4083 342 4146 3.
376 4081 443 4161 Qua
465 4082 515 4144 via
531 4079 719 4144 Aristotelea
741 4079 772 4142 in
788 4077 1074 4160 Harpocratiouem

374 4184 542 4261 Pollucem,
558 4183 654 4247 lexico
669 4182 829 4260 rhetorica,
847 4181 964 4246 scholia
974 4182 1072 4246 iutra·
1127 4263 1131 4270 Ι

373 4287 481 4364 verint,
511 4286 616 4369 paucis
642 4284 911 4367 comprehenditur
951 4332 958 4346 .
1008 4331 1015 4347 .
1064 4331 1071 4346 .
1119 4280 1289 4345 105-106
