2924 4928
698 322 740 384 ‘24

718 526 1287 621 [wmmwmm-

718 628 844 719 ξκότων
867 630 1034 714 μαρτυρίας
1064 631 1103 694 ἐκ
1134 650 1286 715 γραμμα.

718 731 832 797 'cetur
865 733 1093 818 ἀνεγίνωσκον,
1133 733 1168 795 αἳ
1206 733 1287 797 ἐκα.

717 802 850 933 *loturo
874 836 1088 922 ἐκμαρτυρίαι,

260 1022 353 1106 Apud
384 1022 660 1107 Harpocrationem
692 1024 797 1104 glossa
833 1025 1039 1108 ἐκμαρτυρεῖν
1076 1024 1286 1102 desideratur,

157 1132 260 1215 glossa
283 1126 474 1211 ἐκμαρτυρίαι
505 1127 575 1191 aliis
607 1127 708 1191 vorbis
739 1127 919 1211 explicatur,
951 1129 1033 1192 unde
1065 1128 1123 1193 lex.
1148 1129 1219 1212 Sag.
1245 1130 1284 1192 Υ.

157 1234 231 1300 248.
253 1233 274 1296 3
305 1231 391 1298 Suid.
415 1251 440 1296 s.
463 1251 491 1295 v.
516 1231 623 1296 Zonar.
648 1251 676 1312 p.
699 1230 764 1293 656
795 1232 929 1312 Hesych.
953 1251 977 1296 e.
1001 1252 1030 1296 ν.
1063 1231 1286 1316 (explicatione

158 1337 239 1403 vocis
265 1333 414 1420 μαρτυρία
437 1334 566 1412 omissa)
598 1353 654 1398 sua
684 1333 860 1399 hauserunt.
917 1333 965 1398 Ad
988 1333 1083 1399 verba
1105 1333 1196 1398 lexici
1220 1333 1285 1398 De-

157 1439 271 1504 mosth.
303 1439 425 1520 praeter
446 1437 548 1519 Etym.
582 1438 706 1518 propius
737 1437 856 1502 accedit
878 1438 935 1501 lex.
959 1437 1029 1520 Seg.
1054 1438 1106 1501 IV.
1134 1436 1203 1500 188.
1230 1435 1284 1514 24,

160 1562 257 1625 nequo
288 1540 400 1605 Pollux
436 1539 523 1604 Vlll.
554 1539 597 1603 36
628 1539 751 1620 longius
783 1540 844 1605 dist
865 1541 888 1604 t.
948 1539 1026 1604 Cum
1059 1540 1286 1622 Harpocration

158 1648 284 1729 eiusque
307 1644 508 1710 assectatores
531 1645 727 1726 acquiescant
747 1644 779 1707 in
803 1643 979 1709 discrimine
997 1644 1193 1726 paucissimis
1212 1663 1285 1709 ver-

158 1749 206 1814 bis
237 1748 380 1826 notando‚
414 1749 545 1829 scriptor
575 1748 632 1812 lex.
656 1748 809 1812 Patmiaci
833 1746 953 1834 [ilem]
977 1747 1072 1811 46.ss
1102 1767 1147 1830 sq.
1179 1748 1286 1813 verbis

156 1853 227 1918 usui
249 1871 303 1916 suo
326 1850 565 1916 accommodatis
588 1851 678 1932 plura
700 1853 830 1916 enarrat.

259 1955 350 2019 Nunc
373 1973 408 2018 eo
430 1956 628 2032 revertamur,
662 1953 741 2017 unde
768 1955 834 2019 tota
857 1955 961 2020 nostra
983 1955 1122 2037 quaestio
1144 1953 1286 2036 profecta

157 2060 215 2131 ost.
240 2058 278 2122 ad
301 2057 436 2139 glossam
459 2058 501 2121 Et
526 2058 569 2121 M.
586 2056 695 2121 acar
719 2056 885 2142 ἐπώνυμοι,
909 2076 1000 2140 quam
1024 2059 1055 2121 in
1079 2057 1156 2122 duas
1178 2057 1285 2139 partes

159 2161 248 2225 facile
280 2159 418 2237 divides;
456 2161 540 2241 prior
571 2159 609 2224 ad
641 2160 734 2225 verba
765 2159 877 2225 Suidae
909 2182 934 2225 s.
961 2181 989 2226 v.
1022 2161 1109 2243 gl.2
1141 2159 1284 2242 quadrat,

163 2264 293 2328 Photins
315 2263 488 2345 paullulum
512 2263 675 2345 discrepat.
720 2264 781 2328 Hic
804 2264 886 2327 enim
907 2264 1051 2346 legimns,
1076 2283 1135 2329 non
1158 2265 1284 2329 centum

159 2367 213 2433 sed
236 2367 340 2432 decem
364 2386 529 2451 eponymos
552 2368 708 2450 singulam
737 2367 853 2432 tribum
881 2368 1019 2451 elegisse.
1066 2366 1154 2447 Quod
1178 2368 1285 2432 contra

160 2470 434 2536 Wilamowitzium
450 2470 659 2537 annotandum
682 2471 759 2534 mihi
782 2490 848 2536 esse
871 2472 989 2553 putavi,
1013 2471 1072 2536 etsi
1095 2490 1217 2536 summa
1239 2473 1284 2536 rei

158 2577 215 2641 tali
238 2576 444 2658 discrepantia
465 2595 525 2640 non
548 2577 766 2641 commutatur.
820 2576 900 2639 Tum
922 2576 1015 2656 priori
1038 2577 1159 2658 glossae
1182 2574 1284 2641 verbis

159 2681 180 2764 ἢ
204 2678 308 2756 ἄλλως
330 2680 529 2761 posteriorem
552 2678 701 2762 adjungit,
725 2698 785 2760 qua
808 2680 901 2743 verba
917 2678 1158 2761 Atthidographi
1180 2679 1283 2744 nescio

159 2783 246 2845 euius
270 2782 373 2846 ordine
397 2785 428 2846 et
451 2783 595 2846 contextu
617 2783 747 2847 servatis
770 2781 885 2847 tradita
907 2801 974 2847 esse
995 2781 1201 2847 Wilamonitz
1224 2781 1283 2846 sibi

160 2885 325 2964 persuasit.
370 2884 426 2949 Cui
442 2885 611 2948 sententiae
626 2904 727 2949 meam
743 2903 896 2968 opponam
920 2888 999 2949 trano
1022 2887 1122 2968 ipsam
1141 2889 1283 2969 glossam

161 3005 222 3050 non
245 2988 421 3070 simplicem
445 3007 530 3069 esse,
554 2989 611 3053 sed
635 3008 653 3053 e
676 2988 797 3055 duabus
821 2991 960 3072 partibus
983 2991 1205 3072 compositam.

161 3176 209 3242 Er.
228 3179 273 3244 Μ.
290 3178 367 3241 369.
384 3179 413 3241 16
437 3176 591 3263 ἐπώνυμοι
608 3199 615 3213 ·
634 3179 695 3241 διτ-
741 3182 800 3244 lex.
826 3180 902 3261 Sep.
929 3179 966 3242 V.
992 3180 1075 3243 245.
1101 3180 1140 3243 n.
1164 3175 1283 3242 ἐπώνυ-

160 3280 208 3345 το[
239 3281 314 3345 εἰσιν
345 3284 429 3345 οὗτοι
455 3303 462 3318 ·
497 3280 525 3344 oi
558 3283 613 3367 μὲν
645 3281 696 3345 λέ·
741 3304 790 3367 μοι
821 3286 970 3368 ἄρχοντες
1002 3281 1101 3346 droool
1130 3281 1219 3363 εἰσιν,
1255 3280 1284 3344 ot

159 3405 268 3468 γονται
282 3385 305 3468 ¹)
329 3392 389 3447 τῶν
411 3386 542 3471 ἡλικιῶν
565 3385 619 3450 καί
639 3386 697 3449 εἰσι
743 3387 798 3470 μὲν
820 3383 862 3448 42
886 3394 948 3451 τῶν
970 3386 1116 3470 ἡλικιῶν,

160 3489 213 3572 42,
250 3490 279 3552 οἳ
309 3488 478 3553 καλοῦνται
501 3492 556 3553 καὶ
578 3489 698 3574 λήξεων

265 3833 289 3894 1)
317 3831 534 3884 Emendatioues
553 3829 824 3883 Wilamowitziauas
852 3829 978 3895 integras
1008 3829 1037 3882 in
1056 3829 1222 3882 contextum
1241 3842 1283 3880 ro·

162 3918 231 3984 copi,
249 3931 420 3984 quamquam
438 3916 560 3971 fortasse
577 3916 627 3970 tali
646 3916 730 3971 modo
749 3930 806 3970 non
823 3916 882 3970 tam
899 3916 943 3969 Et.
961 3915 995 3969 M.
1014 3930 1098 3983 quam
1115 3914 1158 3968 Et.
1171 3913 1205 3967 M.
1224 3914 1283 3967 ion·

161 4003 219 4055 tem
230 4003 403 4070 corrigimus.
425 4003 591 4056 Emendatio
602 4002 769 4057 Kaibeliana
778 4001 829 4051 ἀπὸ
840 3999 868 4068 ρ’
879 4015 931 4068 pro
944 4001 1058 4068 ἀπόρων,
1071 4000 1284 4067 elegantissima

161 4092 191 4143 et
209 4090 427 4157 simplicissima,
446 4089 506 4142 eod.
524 4089 599 4142 Flor.
618 4090 659 4143 ed.
674 4089 765 4143 Miller
782 4103 806 4157 p.
820 4089 871 4142 124
889 4089 1078 4152 confirmatur,
1097 4089 1148 4142 sed
1165 4087 1216 4141 tali
1234 4088 1284 4140 ad-

163 4175 298 4230 miniculo
326 4176 352 4228 ei
378 4189 436 4229 non
463 4189 534 4242 opus
561 4178 629 4229 erat.
674 4175 740 4230 Ood.
759 4175 833 4231 Flor.
852 4176 938 4229 etiam
957 4176 1013 4230 alio
1031 4175 1094 4228 loco
1112 4173 1229 4241 propius
1248 4173 1284 4226 ad

160 4273 259 4312 vorum
279 4259 388 4313 accedit
407 4255 512 4322 Αλκμας
527 4259 654 4313 scribens
673 4273 724 4326 pro
744 4255 860 4324 Ἀκάμας,
878 4274 936 4313 non
953 4255 1048 4322 Ἀλμᾶς
1062 4259 1094 4311 ut
1112 4257 1154 4311 Et.
1171 4257 1204 4311 M.
