2924 4928
770 356 790 417 4

673 443 878 452 *-

357 554 484 620 Aristot.
509 556 559 620 57.
585 557 615 620 3.
946 556 1036 621 Dem.
1058 557 1112 621 23.
1136 557 1192 627 24.

215 707 275 772 εἰσί
304 708 338 772 δὲ
361 708 455 794 φόνου
479 707 562 772 δίκαι
585 711 641 772 καὶ
662 709 754 793 τραύ-
799 707 976 794 γέγραπται
996 711 1058 794 γάρ
1089 709 1122 775 ἐν
1144 711 1201 795 μὲν
1223 719 1267 796 τῷ
1290 711 1342 777 νό-

216 831 332 895 ματος,
372 812 411 876 ἂν
448 811 504 896 μὲν
537 810 575 874 ἐκ
611 811 754 895 προνοίας
801 833 848 896 μῳ
865 814 944 897 ,τὴν
958 812 1073 900 βουλὴν
1088 813 1226 892 δικάζειν
1241 812 1337 898 φόνου

216 912 388 998 ἀποκτείνῃ
410 911 567 998 ἢτρώσγγ,
593 914 626 978 ἐν
643 912 754 999 Ἀρείῳ
798 916 854 979 καὶ
875 915 1050 1000 τραύματος
1070 915 1109 979 ἐκ
1123 913 1266 1000 προνοίας
1281 918 1339 979 καὶ

215 1015 308 1100 πάγῳ
327 1019 382 1079 καὶ
400 1016 586 1101 φαρμάκων,
609 1016 664 1082 ἐάν
678 1017 754 1081 ἀπο·
798 1027 955 1102 πυρκαϊᾶς
984 1020 1040 1082 καὶ
1062 1016 1248 1107 φαρμάκων,
1282 1016 1339 1081 ἐάν

215 1118 411 1203 κτείνμδούς,
419 1122 474 1182 καὶ
483 1129 647 1204 πυρκαιᾶς·
655 1129 756 1184 ταῦτα
798 1141 844 1197 τις
866 1119 1038 1204 ἀποκτείνῃ
1062 1119 1167 1197 rote«

212 1224 274 1306 γάρ
297 1221 318 1307 ἡ
342 1222 440 1308 βουλὴ
465 1222 544 1308 μόνα
566 1221 699 1301 δικάζει.

314 1392 360 1457 De
383 1392 601 1457 undecimsiris
624 1392 739 1457 similia
761 1397 844 1470 sunt,
875 1409 953 1474 quae
975 1391 1170 1472 Aristoteles,
1203 1392 1336 1458 Aesehi·

212 1514 267 1561 nes
290 1515 316 1561 ο.
339 1494 504 1573 Τίωκιολι,
527 1514 574 1577 ps
598 1496 686 1560 Dem.
711 1512 737 1559 ο.
761 1494 874 1558 Laerit.
897 1492 1091 1577 praebent).

266 1652 395 1716 Ανίολολ.
419 1652 473 1717 52.
496 1654 515 1715 Ι.
659 1651 774 1715 Αοοολι.
798 1652 820 1716 Ι.
845 1652 888 1714 91.
1015 1647 1137 1734 [Βοια]
1159 1652 1214 1715 35.
1237 1652 1290 1716 47.

212 1807 347 1880 καὶτοὺς
357 1803 574 1890 ἀπαγομένους
592 1803 637 1880 τίς
658 1806 719 1888 γάρ
734 1804 756 1888 ἢ
773 1811 834 1868 τῶν
848 1803 952 1868 λωπο-
972 1801 1057 1866 ἀλλά
1121 1803 1333 1889 τοιχωρύχους

213 1905 354 1982 κλέπτας
365 1910 421 1970 καί
433 1910 503 1984 τοὺς
519 1908 571 1971 ἀν·
592 1906 692 1971 δυτῶν
721 1907 743 1991 ἢ
768 1913 830 1970 τῶν
852 1906 951 1970 κλεπ-
972 1907 1027 1967 καὶ
1085 1904 1226 1980 κλέπτας
1278 1909 1334 1969 καὶ

212 2008 419 2093 δραποδιστάς
434 2012 573 2086 καὶτοὺς
591 2018 653 2075 τῶν
674 2011 696 2095 ἢ
717 2017 779 2074 τῶν
795 2016 915 2095 μοιχῶν
929 2010 951 2092 ἢ
972 2009 1042 2082 τοὺς
1064 2006 1181 2084 ἄλλους
1196 2008 1331 2092 κακούρ-

210 2111 405 2194 λωποδύτας,
591 2120 652 2177 τῶν
694 2111 887 2197 ἀνδροφόνων
929 2114 1044 2196 ἢγους

590 2222 651 2279 τῶν
674 2219 714 2279 τά
737 2215 870 2301 μέγιστα
897 2217 952 2300 μὲν

590 2317 800 2400 ἀδικούντων,
844 2318 951 2402 λάθρα

589 2420 625 2483 δὲ
640 2431 732 2485 τούτο
751 2420 952 2506 πραττόντων

589 2523 681 2589 δύσει
698 2523 802 2609 δίκην,
819 2527 875 2588 καὶ
890 2526 952 2609 γάρ

589 2627 707 2693 τούτων
744 2627 772 2691 οί
808 2629 864 2713 μὲν
901 2626 950 2691 ἐπ’

589 2729 760 2815 αύτοφύρῳ
805 2729 947 2813 ἁλόντες,

264 2834 303 2896 ἂν
330 2833 386 2916 μὲν
409 2832 568 2918 ὁμολογῶ·
589 2832 644 2895 ἐάν
670 2835 726 2918 μὲν
756 2832 947 2918 ὁμολογῶσι,

208 2955 247 3013 σι,
255 2933 385 3017 θανάτῳ
396 2934 568 3020 ζημιώσον-
588 2944 784 3020 παραχρῆμα
817 2934 949 3016 θανάτῳ
969 2933 1039 3007 τοὺς
1061 2930 1113 2994 ἐπὶ
1130 2931 1260 3015 θανάτῳ
1275 2933 1327 2994 ού-

208 3057 276 3119 τας,
589 3038 784 3123 ζημιοῦνται,
802 3036 830 3100 οἱ
845 3037 878 3100 δὲ
890 3036 949 3100 λα·
969 3055 1016 3097 τοι
1038 3032 1222 3119 είςάγουσιν.

207 3139 245 3202 ἀν
268 3138 294 3202 δ’
318 3139 567 3226 ἀμφισβητῶσιν,
588 3138 700 3217 θόντες
736 3142 792 3203 καὶ
829 3139 948 3223 ἔξαρνοι

207 3240 380 3320 είςάξοντας
402 3243 445 3319 εἰς
467 3245 503 3306 τό
526 3243 568 3307 δι·
587 3242 746 3328 γενόμενοι
794 3243 949 3326 κρίνονται

206 3343 388 3429 καστήριον.
572 3292 621 3429 Ιέν
643 3355 707 3422 τοῖς
725 3344 945 3432 δικαστηρίοις.

307 3535 406 3620 Leges
438 3536 477 3601 ab
500 3535 669 3602 Aristotele
701 3535 755 3600 aut
785 3534 891 3616 aperte
913 3532 1079 3597 laudantur
1100 3530 1131 3594 in
1155 3529 1322 3612 posteriore

204 3637 304 3717 operis
326 3639 413 3720 perte
428 3638 467 3703 ef.
485 3657 551 3721 cap.
569 3638 661 3716 45.1‚
686 3637 779 3716 47.1‚
801 3635 894 3715 48.1‚
918 3635 970 3698 49.
981 3635 1010 3713 4,
1034 3631 1166 3712 51.],3,
1190 3630 1242 3695 53.
1252 3631 1282 3710 5,
1292 3632 1325 3710 ύ,

307 3942 334 4010 1)
352 3944 397 3997 Itx
414 3945 479 4012 Lys
500 3946 539 3998 10.
560 3945 593 3999 10
611 3945 739 4011 efficitur,
757 3945 785 4000 in
804 3945 868 4012 lege
886 3942 1041 4000 λωποδύτας
1058 3941 1087 3996 et
1105 3936 1320 4005 &separatiores

205 4041 244 4080 ex
261 4026 436 4096 Antiphonte
455 4030 489 4082 de
508 4030 584 4084 saed.
602 4031 704 4085 Herod.
723 4032 739 4085 9
761 4030 875 4090 κλέπτας
891 4031 921 4084 et
937 4025 1093 4083 λωποδύτας
1107 4022 1212 4076 diserte
1229 4022 1319 4075 nomi·

202 4116 285 4169 natos
313 4130 383 4171 esse.
426 4117 628 4172 Additamenta
655 4119 778 4174 Kaibelii
804 4121 833 4175 et
861 4111 1073 4171 Wiiamowitrii
1104 4108 1159 4175 (eri.
1187 4105 1229 4172 ΙΙ.)
1255 4108 1322 4174 post

202 4200 291 4254 verba
317 4201 515 4270 ἀπογομένοοςε
542 4199 713 4272 [κακούργους
729 4203 791 4265 τούς
806 4201 845 4272 τε]
873 4216 936 4257 eum
954 4197 1066 4254 Blassro
1084 4195 1139 4265 (ed.
1160 4191 1205 4259 11.)
1223 4193 1319 4260 sprevi

205 4286 238 4339 cf.
257 4286 331 4341 infra
348 4302 407 4355 esp.
426 4286 457 4342 II.
476 4287 492 4354 i
510 4287 536 4345 1.
