2924 4928
748 327 811 391 126

216 533 343 616 pillares
366 533 447 596 male
470 532 685 613 procurabant,
709 531 765 597 tali
789 531 879 597 modo
901 531 932 596 in
950 531 1003 614 jus
1026 531 1224 596 vocabantur.
1262 528 1340 610 Qui-

219 636 275 698 bus
297 635 327 699 in
350 635 408 699 lex.
433 634 504 717 Seg.
529 635 566 699 V.
590 634 664 698 313.
687 634 729 698 20
752 635 937 699 mercatores
960 633 1058 698 additi
1081 634 1161 710 sunt,
1194 634 1245 714 qui
1278 632 1340 697 alio

217 757 252 802 ao
275 737 413 803 Athenas
437 756 552 802 merces
576 757 647 803 suas
672 738 915 820 deportaverant,
939 737 971 801 et
989 735 1101 800 Pollux
1123 735 1239 800 multos
1261 735 1340 799 alios

216 840 399 907 nominarit,
454 840 527 904 Lex.
551 839 621 922 Sag.
643 841 681 904 V.
704 841 778 904 315.
804 841 853 918 14,
889 839 981 904 Phot.
1014 858 1038 903 s.
1073 857 1114 916 v.,
1140 837 1227 903 Suid.
1261 857 1286 902 e.
1310 857 1339 902 ν.

216 943 259 1026 gl.
285 944 299 1007 l
325 963 379 1025 pro
402 962 457 1008 sua
479 945 565 1024 parte
588 944 668 1007 hunc
691 963 853 1008 nrrmerum
876 938 1100 1019 deminuerunt,
1133 960 1203 1006 cum
1226 940 1340 1023 quibus

217 1044 339 1110 Psellus
363 1048 515 1127 congruit.

112 1292 203 1358 snio.
227 1313 258 1442 8.,
277 1313 305 1442 v..
329 1292 421 1375 φάσις
448 1295 537 1391 Phor.
562 1313 588 1357 s.
611 1313 639 1357 ν.
663 1293 755 1376 φάσις
827 1293 1001 1444 [ονὲὶδθοιςῦ.
1025 1293 1061 1355 V.
1133 1290 1229 1354 mter.
1253 1289 1347 1353 Pseu
1370 1289 1389 1371 ἕ
1412 1291 1444 1354 6.

228 1398 269 1461 9.
306 1429 313 1442 .
937 1428 944 1443 .
1005 1427 1011 1440 .

111 1533 200 1597 ἐστίν
222 1532 262 1616 ἣν
288 1530 422 1596 ποιεῖταί
448 1534 541 1618 φάσις
585 1534 668 1598 ἐστίν
715 1534 756 1618 ἣν
790 1533 907 1618 φάσις.
969 1531 1098 1616 μήνυσις
1134 1529 1161 1592 εἰ
1176 1527 1211 1591 δέ
1227 1549 1272 1604 τις
1293 1529 1347 1591 τόν
1366 1528 1444 1591 ὑπο-

115 1657 160 1711 τις
183 1638 257 1720 πρός
288 1639 341 1700 τόν
372 1635 422 1698 oo·
449 1637 583 1702 ποιεῖταί
606 1659 651 1713 τις
681 1640 755 1722 πρὸς
790 1640 864 1722 πρὸς
887 1639 958 1712 τοὺς
985 1639 1098 1722 ἄρχον·
1134 1628 1445 1716 ρὺττονταδημόσιον

111 1739 423 1822 ’κοῦνταὺπορόττειν
450 1744 502 1805 τόν
512 1742 665 1805 δοκοῦντα
680 1742 755 1804 ὑπο·
791 1761 846 1815 τας
855 1741 941 1803 κατὰ
951 1747 1012 1804 τῶν
1024 1739 1098 1802 ὑπο·
1135 1732 1327 1820 aerariae
1345 1731 1444 1818 δημό-

111 1841 264 1926 «δημόοιον
308 1841 422 1926 μέταλ-
449 1844 569 1928 ρόττειν
607 1843 756 1930 δημόσιον
790 1842 962 1928 ρυττόντων
994 1863 1023 1906 τι
1047 1841 1098 1927 μέ·
1135 1859 1201 1902 σιον
1216 1835 1445 1914 οίκονέξιδιοό-

116 1945 171 2009 λον
202 1947 223 2030 ἢ
252 1943 365 2029 χωρίον
399 1947 421 2029 ἢ
451 1945 608 2031 μέταλλον
637 1949 658 2031 ἢ
691 1969 755 2032 χω·
791 1945 909 2010 ταλλον
947 1947 969 2029 ἢ
1014 1948 1099 2010 κατὰ
1135 1961 1247 2027 μενον,
1280 1940 1302 2024 ἢ
1334 1949 1447 2016 κακῶς

117 2047 216 2111 οἰκίαν
245 2045 370 2131 ἢᾶλλο
395 2070 423 2112 τι
449 2048 511 2135 ρίον
548 2051 569 2134 ἢ
602 2048 703 2114 οἰκίαν
733 2052 754 2134 ἢ
792 2057 853 2112 τῶν
911 2048 1099 2112 ἀδικούντων
1150 2044 1438 2128 ἐπιτετροπευκότα

114 2158 179 2215 τῶν
189 2147 358 2235 δημοσίων.
377 2152 423 2214 ἔτι
450 2151 530 2215 ἄλλο
561 2174 590 2216 τι
619 2160 681 2216 τῶν
703 2153 756 2239 δη·
791 2150 905 2237 χωρίον
941 2152 963 2234 ἢ
998 2150 1100 2216 οἰκίαν
1135 2149 1257 2233 είςήγεν
1282 2148 1324 2224 εἰς
1355 2149 1447 2213 δικα-

114 2253 152 2316 ’δὲ
189 2254 244 2315 καὶ
280 2252 307 2314 οἱ
353 2257 424 2330 τοὺς
450 2253 575 2340 μοσίων.
595 2256 641 2319 ἔτι
656 2255 756 2320 δὲκαὶ
791 2257 813 2338 ἥ
847 2276 876 2318 τι
907 2262 969 2317 τῶν
1003 2254 1099 2339 δημο·
1136 2251 1448 2337 στήριον,ότοιοῠτος

113 2353 302 2439 ἐπιτρόπους
362 2365 424 2421 τῶν
450 2357 477 2421 οἱ
489 2361 560 2434 τοὺς
574 2358 757 2443 ἐπιτρόπους
793 2356 877 2441 σίων,
898 2359 1022 2443 ἢκατά
1038 2367 1099 2423 τῶν
1135 2355 1254 2440 φαίνειν
1312 2355 1447 2441 ἐλέγετο

111 2459 258 2541 «ὀρφανῶν
280 2459 423 2545 αἰτιώμε-
450 2470 511 2526 τῶν
539 2463 679 2546 ὀρφανῶν
710 2465 756 2527 αἰ·
792 2460 965 2545 ἐπιτρόπων
980 2470 1042 2526 τῶν
1055 2463 1098 2547 μὴ
1135 2461 1187 2522 τόν
1215 2456 1354 2521 ἁλόντα·
1389 2461 1448 2521 καὶ

112 2582 162 2625 νοι
184 2565 270 2646 παρὰ
290 2573 355 2640 τοῖς
370 2567 422 2649 ᾰρ-
450 2564 757 2650 τιῶμενοιπαρὰτοῖς
819 2564 1070 2648 μεμισθωκότων
1135 2562 1156 2647 ἡ
1188 2560 1262 2645 δίκη
1294 2560 1448 2626 ἐντεῦθεν

112 2686 209 2749 ’χουοι
228 2664 268 2740 ὡς
287 2666 322 2728 οὐ
339 2666 421 2730 δεόν-
449 2670 598 2752 ἄρχουσιν
611 2667 652 2743 ὡς
662 2670 697 2732 οὐ
707 2670 756 2734 δε·
791 2668 847 2742 τὰς
890 2666 990 2745 οἰκίας
1039 2678 1100 2734 τῶν
1156 2664 1417 2751 ἐπονομαζομένη

117 2789 177 2844 τως
221 2768 543 2874 μεμισθωκό-ῐόντως
557 2771 756 2857 μεμισθωκό-
792 2769 945 2852 ὀρφανῶν.
1135 2768 1227 2853 φοίσις
1259 2768 1447 2854 παρωνομά-

112 2891 172 2945 -τας
203 2872 256 2932 τόν
286 2878 347 2932 τῶν
373 2872 505 2954 ὀρ-ίτας
538 2877 591 2937 τὸν
617 2876 756 2960 ὀρφανῶν
1041 2957 1043 2961 ¹
1134 2872 1220 2950 ζετο.

117 2981 222 3055 φανῶν
252 2971 340 3034 οίκον
362 2993 421 3035 πα·
448 2974 536 3040 οίκον
579 2977 757 3062 προφαίνειν
912 3049 916 3055 ,

111 3073 275 3159 ροιφοιίνειν
315 3073 421 3158 λέγον·
449 3074 605 3163 λέγονται.

113 3199 179 3241 ται.

320 3403 386 3468 Ηοο
416 3403 540 3486 quidem
571 3423 677 3469 verum
710 3406 774 3480 est,
812 3407 947 3469 veterem
978 3404 1148 3470 doctrinam
1179 3405 1210 3467 in
1230 3392 1342 3469 'Pselli

218 3506 365 3586 opusculo
387 3526 447 3570 non
470 3507 605 3589 agnosci.
650 3508 683 3571 Si
706 3507 832 3571 eaedem
854 3527 903 3571 res
926 3507 1009 3572 varie
1032 3507 1070 3572 ab
1086 3507 1340 3588 Harpocratione,

218 3607 355 3685 Polluce,
389 3608 614 3690 lexicographis
647 3611 780 3691 posteris
803 3611 988 3687 tractantur,
1020 3609 1158 3674 Psellum
1182 3611 1248 3690 hos,
1281 3630 1342 3675 non

217 3710 288 3775 illos
312 3714 451 3776 secutum
474 3731 541 3777 esse
564 3712 715 3778 videmus.
768 3712 856 3792 Quod
882 3713 972 3779 modo
996 3733 1012 3777 e
1034 3732 1108 3779 voce
1131 3712 1223 3797 φοίσις
1245 3714 1343 3797 expli·

218 3818 287 3878 cata
309 3815 454 3898 apparuit
476 3815 644 3899 itidemque
667 3816 738 3881 aliis
760 3817 836 3881 loeis
859 3818 914 3899 pat
932 3818 956 3881 t.
1010 3816 1118 3897 Qualis
1148 3817 1242 3882 tuerit
1264 3816 1342 3902 ἐφή-

217 3939 321 4002 γησις,
345 3918 457 3982 Pollux
481 3919 567 3983 Vlll.
592 3920 634 3984 50
668 3920 771 3983 minus
794 3919 960 4002 diligenter
983 3920 1145 4002 explanare
1168 3919 1290 3985 studuit
1312 3922 1344 3984 et

216 4021 316 4102 magis
348 4021 379 4084 in
412 4021 534 4103 vulgari
565 4021 814 4102 interpretatione
846 4026 986 4088 versatus
1019 4025 1075 4101 est,
1108 4041 1186 4104 quae
1216 4023 1248 4086 in
1283 4023 1341 4090 lex.

217 4122 307 4187 Dem.
331 4143 360 4205 p.
388 4123 426 4186 13
449 4123 467 4205 ᾗ
489 4121 532 4188 26
556 4127 679 4206 recepta
699 4126 731 4189 et
752 4127 816 4208 jam
838 4125 936 4191 fusius
959 4126 1107 4208 exemplis
1130 4124 1245 4189 additis
1268 4125 1343 4190 illu·

216 4227 317 4290 strata
341 4229 396 4290 est.
442 4227 527 4291 Haeo
550 4229 654 4292 autem
677 4228 798 4293 uberior
830 4228 982 4293 enarratio
1016 4230 1081 4294 sola
1112 4227 1242 4310 posteris
1274 4228 1341 4309 plo·
