2924 4928
713 321 774 384 128

181 527 264 605 mile,
296 527 452 593 hominem
476 528 666 612 Byzantinos
698 528 810 591 aetatis
842 545 857 590 e
880 526 977 590 lexico
1000 524 1134 606 quodam
1157 524 1197 588 ad
1220 524 1304 588 arbi·

180 631 275 694 trium
298 650 388 695 suum
412 632 487 696 haec
509 631 664 696 actionum
678 637 813 694 'nomina
839 629 978 710 elegisse.
1026 628 1107 693 Tum
1130 628 1178 692 lac
1200 628 1303 709 ipsum

180 735 334 798 delectum
359 735 513 811 habuisse,
538 735 650 798 mirum
674 734 724 809 sit,
749 751 803 797 cur
824 729 999 817 ἐπωβελίαν
1016 731 1034 813 ξ
1049 729 1101 808 ⁶21,
1124 748 1218 811 quam
1235 731 1305 812 ipse

180 856 238 902 non
270 836 370 923 δίκης,
402 836 456 901 sed
488 836 602 922 ζημίας
633 838 729 921 ὄνομα
762 834 857 900 fuisse
880 835 967 912 dicit,
998 833 1172 898 actionibus
1204 833 1304 898 adnu-

180 939 344 1003 meraverit
356 939 365 970 ¹
374 955 393 1014 ι.
431 940 462 1003 Si
480 941 545 1021 ipse
562 939 657 1004 libero
670 938 786 1020 judicio
809 938 988 1002 thesaurum
1005 936 1178 1018 glossarum
1194 955 1302 1001 secun·

180 1040 253 1104 dum
282 1042 459 1106 litterarum
482 1039 623 1105 ordinem
659 1041 864 1121 compositum
900 1039 1111 1115 adhibuisset,
1148 1039 1304 1119 quaslibet

179 1143 256 1207 alias
288 1162 341 1226 pro
372 1144 430 1207 hac
463 1162 571 1208 causas
607 1142 786 1207 addidisset.
839 1142 978 1224 Denique
1002 1160 1060 1205 non
1084 1142 1149 1205 tam
1174 1140 1301 1204 Suidam

179 1264 270 1326 quam
304 1247 451 1309 usitatam
483 1245 575 1310 modo
608 1245 640 1309 in
664 1244 792 1309 Suidam
823 1243 913 1308 modo
938 1245 971 1306 in
994 1244 1092 1308 lexico
1115 1241 1302 1323 Seguem'ana

178 1350 334 1430 receptam
366 1349 538 1412 doctrinam
569 1367 640 1412 cum
672 1350 812 1412 secutum
843 1366 911 1412 csse
941 1346 1086 1411 vidimus.
1140 1343 1239 1424 Quam
1263 1346 1301 1410 ob

177 1470 242 1515 rem
275 1452 381 1533 quaeri
414 1452 497 1527 licet,
531 1471 570 1515 an
601 1451 682 1515 hunc
714 1451 851 1516 ordinem
885 1451 917 1514 in
952 1450 1036 1514 fonte
1059 1467 1114 1514 suo
1137 1449 1300 1514 invenerit.

177 1553 282 1636 Usque
298 1554 337 1618 ad
352 1562 369 1632 ξ
384 1553 424 1616 al
443 1555 541 1631 nobie,
564 1559 600 1620 ut
622 1555 691 1637 ipse
713 1553 882 1636 profitetur,
906 1573 983 1635 qnae
1006 1553 1121 1616 t'uerint
1143 1552 1318 1618 actionum.

178 1658 301 1720 nomina
323 1657 404 1738 apud
427 1658 559 1735 Atticos,
587 1657 746 1739 exposuit,
778 1658 828 1720 cui
859 1657 889 1720 in
922 1658 1010 1738 parte
1041 1656 1207 1738 posteriore
1239 1655 1303 1719 alia

177 1760 324 1823 nonnulla
355 1759 461 1837 affixit,
495 1780 573 1842 quae
604 1763 776 1825 memoratu
808 1760 902 1842 digna
933 1760 962 1823 ei
989 1759 1182 1834 videbantur,
1214 1759 1301 1822 nullo

178 1863 261 1927 certo
293 1863 398 1927 ordine
432 1865 561 1929 intento.
617 1865 662 1928 At
691 1865 794 1928 tamen
826 1863 875 1926 hic
906 1862 1074 1945 permultos
1097 1863 1300 1944 magistratus

177 1966 347 2045 percenseri
378 1967 577 2030 manifestum
608 1970 673 2032 est:
711 1967 838 2048 ἕνδεκα,
874 1963 1043 2050 διαιτηταί,
1079 1965 1295 2049 γραμματεύς,

176 2067 449 2151 ὑπσγραμμαιεὺς,
485 2068 702 2152 ἀντιγραφεὺς,
738 2068 895 2152 ἐκλσγεῐς,
922 2067 1107 2152 πράκτορες,
1132 2066 1298 2150 κωλακρέ-

177 2190 240 2252 ται,
265 2169 522 2255 Ἑλληνοταμίαι.
1146 2159 1148 2162 ’

279 2274 369 2338 Nunc
392 2274 584 2338 recordemur
594 2273 619 2355 ²)
643 2274 804 2339 Pollucem
826 2275 941 2339 librum
957 2274 1033 2338 Vlll
1052 2274 1097 2340 sic
1112 2276 1299 2356 concepisse,

177 2377 211 2439 ut
232 2377 368 2457 primurn
392 2376 561 2438 δικαστικὰ
583 2376 721 2460 ὀνόματα
743 2378 809 2440 tum
833 2376 981 2440 πολιτικὰ
1004 2375 1141 2461 ὀνόματα
1164 2377 1299 2457 explica-

175 2480 231 2543 ret.
277 2480 313 2542 ln
336 2479 391 2543 illa
413 2480 500 2560 parte
533 2486 570 2558 ἓξ
595 2479 723 2542 31-64
754 2499 848 2562 purae
880 2466 1041 2545 verborum
1073 2479 1156 2544 idem
1178 2479 1299 2558 signifi-

176 2582 315 2646 cantium
338 2584 560 2647 enumerationi
583 2584 659 2648 satis
682 2584 802 2664 amplas
825 2582 862 2647 de
877 2585 909 2648 ui
931 2586 963 2648 et
985 2583 1166 2648 auctoritate
1190 2583 1298 2665 singu-

174 2684 275 2747 larum
306 2685 462 2749 actionum
496 2686 764 2768 interpretationes
795 2686 937 2763 inseruit,
973 2705 1101 2768 quarum
1125 2686 1299 2750 similitudo

174 2806 245 2850 cum
277 2788 390 2852 nostris
420 2789 525 2854 lexicis
556 2789 717 2853 rhetoricis
749 2791 780 2852 et
811 2790 936 2854 scholiis
957 2789 1140 2873 iamdudum
1172 2790 1300 2872 cognita

175 2889 269 2971 est³).
315 2890 368 2954 Sin
401 2893 504 2955 autern
535 2892 612 2956 hanc
644 2893 744 2974 operis
777 2892 916 2956 Pollucei
947 2895 1065 2974 partem
1097 2912 1167 2956 cum
1198 2893 1298 2975 priore

173 2992 272 3056 libelli
298 2994 445 3058 Psellioni
475 2998 562 3077 parte
594 3014 816 3078 comparamus,
841 2995 972 3060 efficitur
996 3016 1092 3078 paene
1114 2998 1226 3073 omnia,
1265 2997 1297 3059 in

174 3114 251 3176 quae
275 3096 398 3162 Psellus
428 3098 473 3162 ibi
495 3099 698 3180 inquisiverit,
734 3101 767 3163 in
800 3100 990 3165 onomastico
1012 3100 1148 3181 reperiri.
1192 3100 1296 3164 Etiam

174 3198 346 3285 ἐπωβελίαν
369 3201 480 3266 Pollux
511 3222 662 3267 unacum
690 3203 800 3268 ceteris
827 3203 996 3268 multarum
1019 3204 1299 3288 signrficationibus

172 3313 354 3385 reposceretur,
394 3306 658 3392 παρακαταβσλή,
696 3306 890 3390 παράστασις
920 3309 952 3371 in
981 3308 1037 3372 hac
1060 3314 1147 3389 parte
1170 3327 1297 3389 percen-

173 3405 245 3469 suit.
291 3407 448 3472 Interdum
463 3408 535 3473 ordo
550 3410 633 3473 idem
649 3410 837 3491 permansit:
874 3410 985 3474 Pollux
1001 3413 1018 3494 ξ
1035 3412 1076 3473 45
1093 3431 1138 3493 sq.
1161 3412 1294 3493 εὔθυνα,

172 3507 324 3593 προβολή,
364 3510 467 3592 φάσις,
506 3510 641 3593 ἔνδειξις,
685 3513 857 3597 ἀπαγωγή,
901 3513 1057 3598 ἐφήγησις
1094 3542 1133 3568 =
1172 3513 1298 3577 Psellus

173 3613 301 3693 §5sq.
337 3613 468 3699 εὐθύνω,
503 3615 604 3698 φάσις,
638 3615 774 3698 ἔνδειξις,
808 3616 975 3702 ἐφήγησις.
1022 3617 1082 3682 Hic
1105 3618 1123 3700 ξ
1148 3618 1188 3680 18
1223 3636 1296 3682 con·

176 3837 433 3846 ——.————

277 3974 301 4032 lp
321 3971 413 4024 Voces
431 3970 565 4035 διωμοσία,
585 3971 743 4037 ἀντωμοσία,
762 3974 913 4041 ἀμφιωραίσ,
937 3975 1071 4040 ἐξωμοσία
1088 3978 1163 4031 inter
1180 3979 1297 4032 nomina

173 4057 316 4110 actionum
334 4057 493 4122 explicatas
513 4072 576 4111 esse
594 4059 688 4125 aliquo
707 4061 791 4115 modo
818 4063 951 4115 excusari
969 4065 1071 4129 potest.

275 4142 301 4207 2)
331 4142 364 4194 ci.
385 4156 471 4209 supra
488 4159 513 4210 p.
532 4144 573 4196 66.

278 4230 305 4290 31
335 4226 414 4281 Colm
432 4228 449 4280 l.
468 4229 485 4280 l.
504 4243 530 4295 p.
547 4229 607 4282 829.
