2924 4928
595 1155 928 1284 Argumenta.

1208 1392 1256 1430 1³³8·

202 1465 357 1529 Praefatio
409 1511 1106 1528 .............
1153 1466 1302 1530 V-Vlll

204 1568 307 1652 Caput
331 1571 350 1633 Ι.
397 1567 525 1632 Fontem
548 1567 644 1649 partis
667 1568 845 1649 posterioris
867 1568 968 1632 libelli
988 1568 1109 1633 Aristo-

305 1671 378 1736 telei
394 1671 431 1736 de
442 1671 611 1753 Republica
623 1671 857 1736 Atheniensium
873 1692 932 1737 non
949 1672 1110 1737 Atthidem

307 1793 403 1857 neque
425 1774 524 1840 ullum
543 1774 657 1838 librum
680 1774 791 1839 litteris
808 1776 924 1839 editum
948 1775 1042 1840 luisse
1058 1776 1112 1840 sed
1175 1811 1177 1816 ·
1300 1859 1303 1864 .

304 1878 389 1960 leges
411 1878 494 1959 ipsas
517 1877 664 1958 probatur
698 1925 1107 1942 ........
1179 1881 1282 1943 1-51

308 1986 325 2057 §
358 1983 376 2045 l.
409 1981 507 2046 Locus
530 1980 579 2044 ut.
606 1979 647 2043 M.
663 1978 737 2044 369.
755 1981 794 2042 15
818 1999 833 2043 e
857 1979 975 2045 duabus
998 1982 1111 2065 glossis

410 2083 596 2165 compositus
619 2082 676 2160 est,
699 2082 737 2146 cf.
760 2082 817 2146 lex.
843 2082 913 2167 Sag.
929 2083 963 2148 V.
980 2083 1053 2149 245.
1073 2085 1110 2148 17

411 2188 448 2262 -l-
466 2186 524 2250 lex.
542 2185 629 2249 Deru.
647 2185 748 2250 Patm.
771 2204 801 2267 p.
828 2185 984 2269 15716111
1008 2188 1025 2270 ξ
1051 2187 1111 2252 103
1176 2188 1283 2252 8-26

306 2290 324 2370 ς’
346 2291 380 2353 2.
409 2289 453 2353 Ex
468 2307 505 2353 ea
521 2288 737 2370 discrepantia,
760 2308 837 2371 quae
856 2289 1019 2354 intercedit
1034 2291 1114 2356 inter

410 2391 527 2478 [ilem]
550 2392 600 2456 43.
617 2391 659 2455 75
682 2394 713 2457 et
735 2393 832 2458 Arist.
855 2393 907 2458 56.
927 2392 957 2470 7,
982 2412 1040 2458 nou
1066 2396 1114 2459 est

410 2494 663 2574 concludendum,
687 2496 885 2559 Aristotelem
902 2515 1008 2562 vocem
1031 2495 1113 2581 σκή-

409 2617 526 2682 crepon
558 2616 573 2661 e
598 2597 680 2660 fonte
704 2616 758 2680 per
780 2597 901 2662 litteras
925 2598 1039 2663 tradito
1062 2618 1113 2663 ac-

409 2699 524 2780 cepisse
580 2748 1106 2763 ..........
1155 2700 1282 2764 27-29

306 2803 324 2882 ς’
347 2804 377 2865 3.
409 2802 494 2866 Idem
519 2803 603 2868 valet
633 2805 663 2867 in
688 2804 781 2868 verba
812 2803 889 2888 ὑπὲρ
912 2812 969 2888 τῆς
991 2803 1112 2880 πόλεως

409 2905 462 2968 aut
493 2905 569 2989 ὑπὲρ
605 2914 662 2990 τῆς
693 2905 838 2990 πατρίδος
869 2907 951 2988 apud
983 2907 1112 2972 Aristot.

408 3007 460 3071 55.
483 3007 504 3069 2
527 3008 640 3073 omissa
698 3057 1107 3073 ........
1155 3008 1283 3098 29-730

308 3110 382 3192 §4
411 3110 569 3175 Pollucem
592 3110 678 3175 Vlll.
705 3111 766 3175 107
800 3113 876 3176 nihil
907 3113 967 3176 nisi
990 3112 1111 3178 Aristo-

409 3214 490 3278 telea
526 3213 652 3279 reddere
697 3216 801 3280 contra
838 3215 1112 3282 Wilamowitzium

410 3311 654 3382 contendendum
677 3318 724 3382 est
758 3366 1109 3381 .......
1156 3319 1281 3382 30-31

308 3421 377 3502 §5.
410 3420 547 3484 Verbum
578 3420 720 3504 ἐπερωτᾶ
751 3421 833 3502 apud
865 3421 994 3487 Aristot.
1017 3421 1068 3485 55.
1094 3422 1114 3484 4

408 3524 489 3589 nude
513 3525 648 3607 positum
671 3545 687 3590 e
710 3544 849 3592 sermone
878 3526 1114 3608 inscriptionum

408 3627 600 3711 intellegitur
640 3677 1108 3692 .........
1155 3627 1284 3693 31-32

307 3731 324 3812 ᾗ
347 3734 376 3796 6.
408 3733 661 3814 Harpocrationis
684 3733 819 3816 glossam
843 3733 962 3818 cotton
987 3753 1043 3797 non
1064 3734 1111 3796 in·

410 3838 529 3920 tagram
552 3835 590 3900 ad
614 3855 667 3901 nos
690 3837 864 3917 pervenisse
883 3837 1049 3902 verisimile
1066 3838 1113 3901 est
1156 3835 1284 3899 32-41

308 3940 326 4022 §
348 3941 377 4004 7.
409 3939 485 4003 lude
516 3938 595 4021 quod
618 3938 801 4003 Aristoteles
832 3939 980 4004 nonnulla
1002 3939 1115 4015 omisit,

411 4062 488 4124 quae
519 4041 642 4106 aliunde
674 4043 747 4106 nota
769 4044 851 4121 sunt,
882 4062 940 4108 non
965 4043 1113 4125 sequitur,

410 4148 446 4211 ut
476 4147 595 4211 fontem
623 4147 776 4229 quendam
798 4148 910 4212 litteris
933 4148 1114 4213 mandatum

410 4250 592 4316 contraxerit
643 4297 1108 4314 .........
1156 4251 1284 4315 41-44
