2924 4928
764 325 806 387 84

227 524 410 611 ἐκπηγνύον
432 535 610 612 κατηγορῇ.
646 546 676 610 p.
700 527 862 593 XXXVII.
885 527 915 592 8.
940 528 1008 613 ἔχει
1032 525 1058 589 δ’
1082 527 1099 590 ὁ
1121 526 1265 612 χαλκοῦς
1297 527 1354 608 (sc.

227 627 395 714 ἀμφορεὺς)
417 626 563 714 ἐπίθημα
585 628 811 715 διερρινημὲνον
833 629 902 706 ὥςτ’
927 630 1027 714 αὐτὴν
1051 629 1149 715 μόνην
1163 639 1280 716 χωρεῖν
1295 631 1355 715 τήν

226 730 345 816 ψῆφον,
367 731 418 794 ἵνα
442 733 486 816 μὴ
509 730 564 796 δύο
586 731 603 795 ὁ
625 733 719 809 αὐτὸς
740 731 857 820 βάλλῃ.
904 733 1014 814 Neque
1037 750 1093 796 nos
1115 735 1271 799 erraturos
1287 751 1354 798 esse

226 834 324 914 eredo,
358 834 384 940 qi
416 835 493 900 talia
514 835 735 916 additamenta,
771 855 848 919 quae
870 854 926 919 per
947 854 980 901 se
1003 854 1075 900 vera
1097 837 1169 901 sunt
1191 835 1247 901 sed
1271 835 1354 918 apnd

226 937 427 1003 Aristotelem
464 937 695 1018 desiderantur,
737 940 856 1005 auctori
892 939 968 1005 satis
1004 939 1131 1022 antiquo
1168 939 1353 1004 tribuemus.

226 1041 343 1105 lladem
365 1042 446 1106 enim
468 1042 546 1108 ratio
567 1043 650 1108 inter
670 1042 747 1108 haec
768 1043 863 1108 rerba
885 1043 944 1108 lex.
961 1041 1032 1126 Seg.
1048 1043 1086 1106 V.
1111 1041 1143 1106 et
1162 1042 1354 1108 Aristotelea

224 1143 402 1223 intercedit,
434 1162 512 1227 quae
543 1147 642 1211 exstat
668 1146 749 1211 inter
781 1147 918 1229 glossam
949 1145 1008 1210 lex.
1031 1142 1120 1210 Cant.
1142 1163 1167 1210 s.
1190 1160 1222 1209 v.·
1251 1141 1353 1222 ξενίας

224 1245 332 1332 γραφή
355 1247 388 1312 et
408 1247 537 1314 Aristot
561 1249 613 1314 59.
635 1249 666 1314 3.
709 1248 895 1315 Aristoteles
919 1249 1050 1314 alteram
1072 1266 1198 1313 causam
1220 1245 1353 1331 δωροξε-

225 1349 290 1426 νίοις
311 1350 496 1432 explanavit,
519 1351 649 1417 alteram
672 1350 772 1430 ξενίας
793 1351 874 1417 nude
897 1351 1097 1417 enumeravit
1143 1349 1244 1429 Quam
1262 1350 1352 1414 lacu·

224 1473 295 1519 nam
318 1454 432 1519 inlex.
457 1455 544 1521 (lant
568 1455 819 1538 interpretatione
851 1475 906 1539 per
935 1474 968 1520 se
999 1454 1162 1538 aptissima
1195 1453 1351 1536 expletam

223 1555 375 1622 videmus.
420 1555 487 1635 Quo
517 1558 549 1621 in
580 1558 678 1623 lexico
710 1576 780 1623 cum
808 1557 875 1641 jam
905 1577 998 1640 supra
1014 1556 1040 1641 ¹)
1070 1555 1204 1638 vestigia
1235 1557 1351 1621 veteris

223 1657 309 1724 illius
331 1658 421 1724 lexiei
443 1659 587 1726 rhetorici
609 1661 824 1740 detexerimua
857 1661 950 1727 etiam
982 1660 1059 1726 haec
1090 1659 1184 1725 rerba
1209 1677 1351 1724 necnon

224 1780 260 1827 ee
292 1763 351 1826 lex.
383 1761 455 1846 Seg.
486 1762 525 1828 V.
557 1764 666 1830 eodem
695 1765 807 1830 referre
842 1765 906 1829 veri
932 1763 1066 1829 similius
1097 1762 1143 1829 fit
1166 1761 1312 1828 Kaibelio
1323 1760 1351 1842 ²)

224 1867 330 1929 autem
352 1867 542 1930 asseveranti
563 1866 622 1932 lex.
646 1865 735 1933 Cant.
765 1887 801 1933 ex
824 1866 991 1933 Aristotele
1022 1865 1209 1948 interpolato
1240 1883 1350 1930 mana·

223 1968 304 2031 risse
341 1967 383 2048 (si
419 1968 478 2032 viri
514 1967 598 2034 docti
634 1971 727 2036 verba
763 1971 845 2036 recte
875 1970 1024 2049 intellexi,
1060 1968 1230 2052 paullisper
1265 1967 1350 2033 enim

224 2070 368 2153 ambigue
404 2070 527 2137 locutus
559 2074 618 2156 est)
656 2091 716 2138 non
748 2073 907 2139 assentiar.
961 2073 1044 2138 Nam
1075 2072 1102 2137 si
1132 2070 1209 2137 haec
1239 2070 1284 2136 ite
1317 2089 1350 2134 se

204 2173 381 2254 ,haberent
417 2173 525 2239 eodem
553 2175 632 2259 jure,
666 2177 872 2260 quidcumque
904 2177 964 2242 lex.
986 2175 1074 2242 Cant
1098 2173 1138 2239 ad
1158 2173 1252 2240 verba
1274 2173 1349 2237 Ari-

224 2277 355 2342 stotelea
376 2276 497 2341 addidit
519 2277 564 2361 (in
585 2277 691 2362 glossa
712 2278 805 2364 κυρία
827 2277 988 2364 ἐκκλησία
1010 2277 1104 2344 verba
1126 2279 1182 2341 καὶ
1204 2277 1244 2340 τὰ
1261 2275 1350 2339 ἄλλα

224 2378 415 2463 ἀναγκαίων,
441 2399 465 2445 s.
481 2400 511 2445 v.
534 2380 679 2465 λογισταί
700 2401 863 2448 numerum
881 2381 1021 2465 judicum
1044 2381 1117 2459 ool,
1142 2401 1166 2446 s.
1183 2400 1213 2445 r.
1229 2379 1348 2464 θεσμο-

224 2483 328 2546 θετῶν
351 2482 510 2566 ἀνάκρισις
532 2485 625 2550 verba
646 2485 723 2569 ὑπὲρ
745 2495 803 2570 τῆς
818 2485 992 2571 πατρίδος),
1015 2486 1047 2550 in
1062 2485 1141 2549 libro
1157 2481 1350 2548 Aristotelen

223 2587 262 2650 ab
285 2589 409 2652 auctore
432 2588 491 2652 lex.
516 2585 602 2653 Cant.
627 2588 765 2653 adhibito
793 2587 860 2671 jem
891 2588 1046 2654 exstitisse
1068 2584 1267 2652 statuendum
1290 2586 1347 2649 est.

223 2688 311 2769 Quod
335 2709 404 2754 cum
427 2708 483 2771 per
514 2709 546 2755 so
577 2692 641 2756 veri
659 2691 810 2757 dissimile
837 2691 889 2770 sit,
921 2690 1057 2756 codicem
1089 2688 1246 2771 scriptoris
1277 2707 1348 2752 um·

223 2811 315 2873 quam
353 2792 514 2872 tantopere
551 2794 693 2858 vitiatum
732 2813 813 2872 esse,
857 2795 925 2859 tum
961 2794 1088 2860 Polluce
1124 2791 1213 2856 Vlll.
1247 2790 1301 2855 86.
1319 2791 1348 2872 ³)

224 2893 336 2958 collato
358 2895 520 2959 refutatur.

324 2997 420 3079 Herp.
446 3016 469 3061 s.
493 3016 522 3062 r.
546 2996 650 3082 ἐχῖνος
680 3027 719 3054 =
752 2998 838 3064 Suid.
861 2999 904 3082 gl.
927 2998 1042 3084 ἐχῖνος,
1075 2999 1135 3064 etsi
1165 3016 1236 3063 cum
1268 2997 1349 3063 alios

222 3101 289 3164 turn
312 3100 515 3164 Aristotelem
538 3100 658 3183 laudat,
680 3103 814 3167 similem
836 3103 1071 3186 explicationem
1094 3102 1220 3184 sprevit

544 3309 580 3392 i)
620 3311 648 3372 in
673 3310 779 3392 qlossa
803 3309 1018 3374 πινάκιον.

323 3464 463 3546 Longum
495 3465 542 3528 est
574 3483 679 3530 omnes
710 3464 829 3546 glossas
852 3465 958 3548 plenas
980 3464 1199 3530 transscribere
1221 3464 1252 3528 et
1274 3482 1347 3528 cum

221 3566 323 3630 verbis
346 3567 534 3645 Aristotelis,
563 3586 640 3649 quae
664 3567 710 3632 his
733 3567 926 3650 respondent,
949 3586 1139 3652 componere,
1163 3567 1347 3650 praesertim

221 3688 284 3746 eas,
315 3670 369 3733 ubi
399 3669 481 3732 idem
512 3669 700 3747 observatur,
734 3669 928 3751 quodmodo
951 3671 988 3736 de
1010 3671 1114 3754 glossa
1136 3669 1241 3754 ἐχῖνος
1261 3668 1347 3733 indi-

221 3773 369 3837 cavimus.
414 3772 561 3855 Perlegas
585 3791 696 3854 quaeso
720 3773 849 3838 Aristot.
873 3774 925 3839 63.
947 3775 967 3837 4
998 3774 1036 3839 de
1058 3773 1183 3840 tabellis
1204 3770 1346 3857 judicum

224 3963 478 3971 ——-—.·-—-—-

324 4082 351 4232 {A
370 4082 500 4220 gtil9und
518 4168 592 4222 Text
609 4183 634 4235 p.
653 4170 711 4222 247.

323 4254 350 4316 3)
370 4253 403 4305 cf.
423 4267 508 4320 snpra
526 4269 551 4321 p.
572 4255 611 4307 79.
