2924 4928
695 317 737 379 56

159 525 340 608 Harpocrat.
363 542 388 589 s,
411 543 439 588 v.
463 524 595 608 ἔμμηνοι
618 521 715 604 δίκαι,
750 522 804 586 ubi
836 522 976 605 ἐρανικαί
1008 524 1040 586 01
1062 522 1230 608 ἐμπορικαί
1253 525 1289 589 ei

155 628 260 708 generi
283 646 443 693 causarum
467 627 717 703 adnumerantur,
753 629 784 690 et
806 625 864 689 lex.
888 626 959 709 Sep„
984 626 1021 690 V.
1045 625 1118 691 ⁶237.
1141 627 1195 706 33,
1228 629 1286 693 ubi

156 731 311 819 ἐμπορική
335 734 471 818 ἔμμηνος
494 729 681 796 nominatur.
714 729 822 812 Neque
838 731 946 796 mirari
967 731 1050 809 licet,
1074 733 1154 815 quod
1171 732 1286 798 Pollux

155 836 205 899 bic
236 835 405 920 ἐμπορικὰς
436 833 526 908 δίκας
557 833 614 897 sub
643 832 695 914 jus
723 831 917 916 εἰςαγωγέων
940 832 1124 916 subjungere
1147 835 1283 912 uidetur,

158 956 227 1002 cum
259 944 276 1014 ᾗ
308 937 351 1001 80
384 936 507 1001 easdem
540 935 758 1001 thesmuthetis
790 935 977 1001 attribuerit.
1030 935 1151 1019 Nempe
1189 938 1286 1002 uerba

158 1040 297 1104 Pollucis
320 1039 364 1104 sic
387 1037 596 1121 intellegenda
619 1039 701 1116 sunt,
727 1043 764 1100 ut
785 1037 883 1102 altera
906 1037 1057 1103 euuutiati
1080 1039 1171 1104 huius
1193 1041 1283 1121 parte

160 1163 269 1208 causas
300 1142 458 1229 ἐμμήνους
488 1146 659 1218 enumeret,
695 1141 832 1206 0011010
855 1140 1035 1223 subjunctae
1061 1142 1134 1219 sint,
1165 1160 1284 1224 nequa·

158 1266 250 1328 quam
273 1248 368 1311 curet.
413 1244 502 1324 Quod
525 1245 628 1309 autem
651 1243 796 1327 πάρεδροι
818 1244 835 1326 ξ
856 1241 899 1306 92
921 1263 957 1308 ex
973 1243 1142 1310 Aristotele
1165 1245 1284 1328 sumpti

160 1353 241 1429 sunt,
265 1351 283 1432 ξ
308 1348 366 1411 101
381 1348 405 1432 ¹)
428 1347 607 1413 Aristotelis
635 1347 801 1411 auctoritas
824 1346 1021 1424 desideratur,
1057 1346 1127 1411 inde
1159 1347 1284 1412 conclu·

164 1454 234 1519 dere
257 1471 317 1518 nou
340 1470 515 1533 possumus,
538 1450 723 1532 ubicumque
737 1449 850 1514 Pollux
873 1449 910 1514 de
932 1448 1039 1514 eadem
1061 1468 1093 1513 re
1109 1449 1157 1514 bis
1172 1449 1283 1533 egerit,

162 1557 261 1623 varios
292 1557 392 1621 fontes
424 1554 649 1635 intellegendos
682 1572 758 1618 esse.
804 1554 822 1635 ξ
848 1552 909 1618 100
935 1553 1018 1617 enim
1040 1554 1190 1637 euthynos
1214 1571 1284 1617 eum

162 1659 299 1740 paredris
333 1658 494 1739 adaequat,
525 1656 597 1738 qula
623 1655 801 1720 Aristotelis
833 1674 900 1737 cap.
923 1655 976 1720 48.
998 1659 1020 1718 4
1042 1655 1145 1720 0150.
1173 1657 1188 1718 l
1214 1674 1284 1736 per-

160 1762 334 1826 versissime
365 1760 585 1840 interpretatus
613 1778 672 1823 non
697 1759 856 1823 archontes
880 1758 1092 1840 euthynosque
1113 1758 1173 1822 sibi
1195 1758 1284 1839 binos

161 1863 306 1945 paredros
330 1868 498 1944 cooptasse,
531 1862 584 1926 sed
612 1862 762 1944 euthynos
794 1862 875 1925 siout
906 1862 1051 1942 paredros
1084 1861 1284 1927 archontibus

159 1967 272 2031 auxilio
296 1965 416 2031 additos
439 1983 505 2029 esse
528 1965 713 2029 stultissime
729 1963 869 2028 credidit.
904 1963 1147 2045 Wilamouitz²)
1170 1966 1285 2030 menda

160 2070 294 2134 librariis
317 2087 410 2150 quam
433 2069 551 2133 auctori
572 2069 632 2150 ipsi
651 2068 786 2132 tribuere
802 2067 929 2132 mavult.
968 2066 1057 2146 Quod
1079 2086 1149 2132 cum
1165 2087 1248 2133 nunc
1259 2068 1284 2150 ³)

162 2172 404 2237 demonstratum
429 2173 470 2236 sit
492 2171 652 2236 Pollucem
675 2171 800 2252 plenum
824 2171 993 2236 desiderari
1016 2190 1115 2252 neque
1137 2190 1285 2253 umquam

159 2278 314 2358 integrum
337 2275 460 2340 restitui
482 2294 581 2358 posse,
613 2274 704 2339 tacite
726 2275 879 2352 contendi,
913 2275 1038 2339 difficile
1061 2275 1206 2356 redargui
1230 2295 1285 2357 po-

160 2379 231 2444 test.
276 2377 428 2460 Equidem
461 2378 555 2442 libros
588 2378 708 2442 nostros
739 2378 898 2459 tantopere
930 2397 948 2442 a
981 2395 1051 2442 vero
1074 2377 1203 2441 Polluce
1230 2379 1286 2441 ab·

158 2485 279 2548 horrere
310 2483 360 2547 vix
391 2482 521 2547 credam.
578 2483 622 2545 At
644 2482 752 2546 fortior
783 2500 894 2564 negare
917 2481 1014 2546 audeo
1037 2480 1131 2546 schol.
1156 2479 1281 2545 Platon.

159 2587 240 2670 legg.
262 2585 327 2649 954
350 2587 376 2650 Β
410 2585 665 2667 (0110001110.
694 2584 767 2648 483.
791 2586 825 2667 b)
856 2604 873 2648 0
904 2584 1039 2667 pleniore
1071 2583 1285 2667 lexicographo

158 2688 291 2752 fluxisse.
345 2688 427 2752 Nam
464 2707 535 2753 cum
566 2687 683 2751 scholia
713 2687 924 2751 uetustissima
955 2685 1281 2751 0011010111011111.

161 2790 275 2872 saec.⁴)
306 2789 369 2871 jam
401 2808 460 2853 non
492 2791 618 2872 plenum
642 2788 801 2853 Pollucem
824 2789 996 2867 habuerint,
1031 2807 1086 2870 per
1108 2808 1139 2853 se
1163 2789 1286 2854 credere

162 2891 312 2968 vetemur,
336 2891 413 2954 alios
437 2891 626 2956 Scholiastas
652 2891 706 2955 illo
730 2892 778 2956 uti
800 2892 948 2973 potuisse.
994 2892 1073 2956 Tum
1098 2892 1214 2958 scholia
1237 2911 1287 2957 co-

162 2994 266 3058 dicum
299 2992 483 3059 deteriorum
515 2994 685 3071 Pollucem,
718 2995 904 3077 ubicumque
936 2995 1087 3073 adierunt,
1118 3014 1288 3077 numquam

165 3097 203 3161 ad
227 3097 353 3162 uerbum
376 3099 612 3180 exscripserunt,
626 3097 690 3163 vsed
709 3097 747 3163 ad
771 3118 861 3163 suum
885 3099 1045 3163 arbitrium
1067 3098 1162 3163 verba
1182 3100 1287 3162 trans-

162 3201 329 3282 posueruut
350 3203 382 3266 01
409 3202 659 3285 permutaverunt
685 3203 723 3266 cf.
747 3201 843 3266 schol.
868 3202 936 3266 Alc.
960 3202 974 3264 l
1001 3202 1061 3265 105
1084 3202 1113 3265 A
1145 3200 1288 3284 (Ddbuer

159 3304 227 3386 lp.
249 3304 321 3368 467.
348 3304 401 3383 16)
428 3333 464 3360 =-
489 3305 569 3370 Poll.
593 3307 680 3370 VIII.
706 3305 766 3371 105
787 3310 824 3382 1-
852 3306 922 3383 104,
947 3305 1043 3370 schol.
1065 3305 1148 3389 legg.
1171 3303 1235 3368 855
1263 3305 1287 3369 0

161 3407 300 3490 (Dubner
322 3408 363 3473 ll.
386 3429 415 3491 p.
441 3407 513 3474 420.
536 3409 592 3492 31)
610 3436 649 3464 =
664 3408 745 3473 Poll.
771 3408 853 3472 Vlll.
878 3408 920 3471 02
945 3412 983 3484 ΔΓ
1006 3409 1058 3487 64,
1082 3407 1177 3474 schol.
1200 3407 1283 3491 legg.

264 3722 288 3776 1)
305 3717 372 3770 Vox
390 3715 523 3782 πάρεδρος
539 3716 635 3770 exstat
654 3716 685 3769 in
702 3716 762 3769 cod.
781 3715 972 3771 Laurentiano
991 3718 1024 3770 01.
1044 3716 1146 3780 Meass,
1162 3716 1287 3770 Hennes

163 3801 224 3856 XV.
244 3801 318 3855 1880.
336 3817 362 3868 p.
381 3802 439 3856 619.

263 3887 291 3952 2)
310 3887 327 3939 l.
346 3886 363 3941 l.
384 3886 416 3939 ll.
436 3902 461 3953 p.
481 3885 623 3941 141001.
643 3887 677 3940 35

264 3973 292 4035 3)
314 3973 344 4025 Ε.
364 3973 461 4035 Βο1110,
487 3973 588 4027 Nacbr.
608 3973 633 4026 d.
653 3971 729 4026 uota
749 3972 813 4027 Ges.
833 3973 883 4027 der
900 3973 986 4026 Wiss.
1009 3974 1075 4027 1895
1093 3989 1118 4041 p.
1140 3972 1286 4028 aaa-348.

263 4059 291 4120 4)
311 4058 344 4111 cl.
364 4059 451 4112 schol.
470 4058 541 4114 Plat.
561 4059 717 4126 Euthypbr.
742 4059 757 4112 2
785 4059 807 4111 A
827 4059 955 4119 (Diibner
983 4059 1000 4111 l.
1021 4073 1046 4125 p.
1067 4060 1090 4122 1,
1109 4057 1136 4120 3)
1154 4080 1188 4104 =
1215 4058 1286 4112 Poll.

165 4142 234 4196 Vlll.
253 4143 294 4206 90,
313 4144 399 4198 schol.
414 4145 515 4199 Phaed.
529 4145 595 4200 59E
613 4145 700 4212 (quod
717 4145 746 4198 ln
765 4143 1286 4207 0111110110011001100011001110101011

162 4251 194 4276 =
213 4228 284 4283 Poll.
303 4230 372 4283 Vlll.
395 4233 442 4284 102
460 4231 493 4285 01.
513 4231 626 4286 001101.
645 4231 662 4283 l.
682 4246 706 4298 p.
726 4231 784 4296 780,
803 4231 892 4285 Bothe
910 4231 927 4283 1,
946 4231 963 4283 1.
983 4245 1008 4298 p.
1027 4231 1086 4284 336.
