2924 4928
312 509 409 576 Μίυὴ.
435 514 530 577 Peon.
555 512 573 594 β
594 515 630 575 4.

216 663 238 748 η
265 666 335 748 περὶ
367 673 475 728 καινοῦ
507 686 588 741 τινος
619 664 729 750 ἀδικη-

217 787 314 853 ματος
356 767 525 852 είςαγωγή,
578 767 730 853 δημοσίου

217 870 328 957 δμοίως
350 872 406 934 καί
428 869 596 952 ἰδιωτικοῦ,
630 871 730 955 είςαγ-

216 973 310 1059 γελία
332 973 595 1059 κατωνομάζετο·
628 972 731 1059 εἰςίγγ-

217 1076 332 1161 γελλον
369 1077 402 1140 δέ
441 1079 500 1161 την
531 1076 624 1161 δίκην
656 1079 731 1161 πρδς

218 1183 276 1265 την
307 1180 424 1267 βουλην
450 1179 572 1254 οὐδένες
594 1177 686 1242 ἄλλοι
708 1180 729 1263 ἢ

218 1285 246 1349 οί
268 1283 442 1368 πρυτάνεις.

321 1524 419 1589 mich.
445 1525 540 1589 νων.
565 1524 582 1606 ς
606 1526 637 1588 ο.

219 1677 246 1740 εί
282 1675 316 1740 δέ
354 1698 398 1753 τις
436 1680 489 1741 τόν
521 1677 733 1762 ὑπορύττοντα

219 1780 369 1866 δημόσιον
403 1779 559 1865 μέταλλον
589 1782 611 1864 ἢ
639 1779 733 1866 δημό-

220 1903 285 1946 σιον
325 1882 412 1946 οίκον
449 1882 672 1967 ἐξιδιοόμενον,
710 1884 732 1966 ἢ

219 1993 328 2060 κακῶς
351 1985 648 2070 ἐπιτετροπευκότα,
677 1986 733 2062 εἰς·

219 2097 298 2172 ηγεν
322 2089 364 2162 είς
386 2088 599 2172 δικαστήριον,
630 2089 734 2153 ότοι-

219 2200 308 2266 οῦτος
352 2191 470 2274 φαίνειν
514 2190 644 2275 ἐλέγετο
681 2195 735 2256 τόν

218 2292 359 2357 ἁλόντα·
391 2297 447 2357 καὶ
477 2294 499 2379 ἡ
527 2294 599 2379 δίκη
632 2296 734 2359 ἐντεῦ-

220 2397 279 2461 θεν
331 2395 586 2483 ἐπονομαζομένη
642 2399 735 2482 φάσις

220 2500 473 2584 παρωνομάζετο.

312 2722 409 2791 Μῑοὴ.
435 2726 529 2788 ΡοοΙΙ.
554 2730 571 2800 ἓ
596 2726 638 2788 15.

221 2878 248 2939 εί
280 2876 313 2939 δέ
345 2899 390 2952 τις
417 2876 524 2953 δοῦλος
547 2876 648 2940 δοκῶν
671 2887 735 2953 τοῖς

826 513 920 594 (λιες.
943 512 1085 578 corinth.
1112 531 1140 594 p.
1162 515 1227 577 1119.
1250 513 1336 579 1-5.

825 666 847 751 η
879 668 948 750 περὶ
979 673 1087 728 καινοῦ
1118 687 1199 742 τινος
1229 665 1341 750 ἀδικη-

826 790 923 854 ματος
968 767 1142 853 είςαγωγίγ,
1188 768 1340 854 δημοσίου

826 869 938 956 δμοίως
959 875 1015 935 καί
1037 872 1205 954 ἰδιωτικοῦ,
1239 872 1341 955 είςαγ-

825 972 919 1058 γελία
941 974 1196 1059 κατωνομάζετο·
1237 975 1340 1060 είςηγ-

826 1076 941 1160 γελλον
977 1077 1011 1140 δέ
1048 1079 1107 1161 την
1143 1076 1235 1163 δίκην
1266 1080 1342 1161 πρός

826 1181 886 1262 την
916 1180 1034 1266 βουλην
1060 1180 1181 1255 οὐδένες
1203 1180 1295 1244 ἄλλοι
1318 1181 1339 1264 ἢ

827 1282 855 1346 οἱ
878 1283 1053 1366 πρυτάνεις.

828 1523 921 1604 (ὶιυφ.
939 1522 1080 1588 Corinth.
1104 1543 1133 1606 ρ.
1158 1525 1223 1588 1119.
1243 1525 1341 1587 5-9.

829 1677 856 1740 εί
888 1675 921 1738 δέ
958 1697 1003 1751 τις
1040 1677 1093 1739 τόν
1129 1675 1341 1760 ὑπορύττοντα

829 1778 980 1864 δημόσιον
1012 1778 1168 1864 μέταλλον
1199 1777 1341 1863 ἠδημό-

830 1902 894 1946 σιον
916 1882 1004 1946 οίκον
1028 1881 1265 1967 ἐξιδιοόμενονῆ
1282 1904 1341 1945 κα-

829 1993 893 2060 κῶς
910 1983 1195 2070 ἐπιτετροπευκότα
1220 1986 1342 2070 είςηγεν

830 2088 872 2164 είς
903 2088 1123 2173 δικαστήριον,
1157 2089 1173 2152 ό
1205 2099 1343 2164 τοιοῦτος

829 2190 948 2274 φαίνειν
971 2191 1101 2276 ἐλέγετο
1125 2194 1177 2256 τόν
1200 2191 1339 2257 ἁλόντα·

828 2297 883 2357 καὶ
899 2293 920 2378 η
937 2292 1009 2380 δίκη
1027 2295 1177 2358 ἐντεῦθεν
1192 2296 1342 2380 όνομα-

828 2396 987 2482 ζομένη
1034 2397 1126 2481 φάσις
1161 2420 1342 2484 παρονο-

830 2500 1025 2584 μάζεται

830 2724 1342 2808 θυομθονίοῐὴ.ρ.1120.22-24.

829 2878 857 2940 εἰ
881 2877 914 2940 δέ
946 2899 990 2953 τις
1022 2878 1130 2955 δοῦλος
1155 2879 1256 2943 δοκῶν
1279 2890 1345 2957 τοῖς

221 2978 430 3064 νομιζομένοις
457 2978 621 3055 δεσπόταις
644 2979 734 3065 δίκην
780 2969 783 3052 ί
830 2981 1037 3066 νομιζομένοις
1063 2981 1229 3058 δεσπόταις
1250 2981 1344 3068 δίκην

221 3081 411 3167 ἐλάγχανεν,
444 3083 637 3147 ἀποστασίου
661 3082 734 3168 δίκη

221 3188 257 3249 τό
280 3196 412 3270 πρᾶγμα
434 3187 688 3272 κατωνομάζετο.

319 3427 413 3490 Μίοίι.
438 3429 531 3492 Pseu.
554 3434 572 3504 §
595 3430 637 3493 21.

221 3578 243 3663 ἡ
267 3580 300 3642 δὲ
324 3579 480 3666 ἐπωβελία
503 3581 565 3644 ἀπὸ
586 3590 640 3644 τοῦ
658 3603 734 3666 συμ-

222 3684 393 3770 βεβηκότος
420 3686 478 3769 την
501 3684 669 3769 συνθήκην
693 3686 734 3747 εί-

222 3788 333 3872 ληφεν.
384 3787 514 3870 Ἐπειδὴ
538 3789 600 3870 γάρ
622 3786 735 3850 πολλοὶ

222 3897 284 3953 τῶν
298 3891 340 3974 μη
358 3890 561 3954 ἐπιτιθέντων
576 3898 615 3972 τη
632 3888 734 3973 γλωτ-

222 4012 261 4075 τη
308 3991 438 4076 χαλινόν
478 4003 542 4068 τοῖς
583 3991 735 4055 ἐπιεικέσι

223 4097 278 4158 καὶ
305 4096 483 4180 άπράγμοσι
514 4095 733 4179 προςεφόοντο,

223 4197 264 4275 ὡς
296 4197 421 4273 πλείους
452 4197 564 4273 τόκους
596 4197 647 4260 ἐπὶ
671 4208 736 4274 τοῖς

830 3083 1021 3169 ἐλάγχανεν,
1052 3083 1245 3149 ἀποστασίου
1268 3085 1343 3171 δίκη

873 3187 1124 3271 κατωνομάζετο.

830 3429 924 3509 (λιες.
936 3426 1075 3492 Corinth.
1088 3448 1120 3510 ρ.
1134 3431 1195 3494 1121.
1208 3430 1273 3493 12-
1282 3431 1341 3494 20.

830 3581 851 3664 ἡ
875 3581 909 3643 δὲ
932 3581 1088 3667 ἐπωβελία
1110 3583 1172 3644 ἀπό
1195 3590 1250 3645 τοῦ
1267 3603 1344 3668 συμ-

831 3683 1002 3770 βεβηκότος
1029 3686 1088 3767 την
1110 3684 1279 3770 συνθήκην
1301 3687 1344 3749 εί-

831 3786 950 3872 ληφεν·
986 3786 1094 3871 ἐπειδὴ
1130 3790 1192 3872 γάρ
1231 3788 1344 3853 πολλοὶ

830 3898 893 3954 τῶν
909 3891 952 3974 μὴ
969 3889 1173 3955 ἐπιτιθέντων
1188 3900 1228 3975 τη
1241 3891 1344 3975 γλώτ-

831 4015 870 4076 τη
894 3993 1025 4077 χαλινόν
1040 3995 1272 4070 τοῖςέπιεικέσι
1288 4003 1344 4065 καὶ

831 4097 981 4182 πρᾴοις
1024 4096 1251 4181 προςεφόοντο,
1303 4097 1345 4173 ὡς

831 4198 956 4275 πλείους
979 4200 1090 4276 τόκους
1122 4209 1193 4264 τοῦ
1226 4200 1344 4264 δέον-
