2924 4928
705 344 748 410 28

164 548 314 631 scriptum
347 549 466 614 luisse?
520 549 639 614 Deinde
670 549 738 615 fieri
769 551 900 632 poterat,
939 550 974 614 ut
1005 551 1179 632 exemplum
1211 551 1295 636 legis

163 650 283 738 [Dem]
307 653 439 719 orationi
461 654 610 718 insertum
633 654 688 717 aut
710 672 727 717 a
750 654 850 734 primo
872 652 961 718 initio
984 654 1038 718 aut
1061 653 1168 735 postea
1183 653 1294 720 arche-

163 757 237 840 typo
268 756 457 821 adverbum
485 756 551 839 jam
584 774 642 820 non
672 757 881 837 responderet.
943 757 1079 839 Denique
1112 755 1221 822 ioedus
1255 758 1293 822 ab

165 859 404 924 Atheniensibus
436 878 506 923 oum
529 858 664 940 Argivis,
698 859 876 934 blantineis,
907 859 991 923 Eleis
1021 878 1049 924 a.
1081 858 1146 922 420
1168 878 1195 923 a.
1220 857 1294 924 (ihr.

164 963 262 1026 ictum
284 962 389 1043 aliqua
411 980 447 1026 ex
472 962 557 1043 parte
589 963 627 1026 ad
651 964 891 1044 comparandum
914 963 1015 1028 afferri
1037 963 1150 1044 potest.
1196 960 1294 1026 Cuius

164 1064 294 1129 foederis
318 1065 489 1149 fragmenta
512 1084 610 1148 pauca
621 1064 645 1148 ι)
668 1064 766 1147 lapidi
788 1066 886 1131 incisa
908 1066 1036 1131 inventa
1058 1069 1138 1142 sunt,
1170 1068 1294 1132 contex-

164 1168 232 1234 tum
255 1170 353 1235 totum
378 1169 608 1253 Thucydides²)
641 1168 796 1234 describit.
857 1169 882 1232 u
905 1168 1095 1248 Thucydidis
1118 1169 1220 1234 verbis
1245 1169 1293 1232 in·

166 1272 401 1355 scriptionisque
433 1274 513 1337 inter
545 1291 610 1338 sese
639 1272 823 1354 comparatis
847 1271 956 1351 elucet,
989 1290 1048 1336 non
1082 1272 1182 1337 solum
1214 1271 1293 1336 alias

165 1374 278 1455 formas
301 1376 341 1459 ἦν
363 1392 417 1456 pro
441 1375 508 1458 ἐάν,
542 1375 654 1450 πάσαις
686 1394 740 1457 pro
774 1375 923 1458 ἁπάσαις,
957 1375 1054 1460 ὁποίῳ
1087 1393 1142 1458 pro
1173 1375 1238 1458 ὅτῳ
1262 1375 1293 1437 in

166 1477 355 1559 Thucydidis
387 1478 474 1543 libris
506 1478 724 1560 manuscriptis
754 1479 828 1562 legi,
859 1478 913 1542 sed
946 1478 1039 1542 etiam
1072 1477 1165 1542 verba
1187 1475 1294 1541 addita

164 1580 247 1662 (ταῖς
269 1579 409 1661 πόλεσιν)
434 1583 488 1644 aut
511 1582 624 1645 omissa
647 1581 703 1664 (ὧν
719 1583 869 1665 ἄρχουσιν
884 1579 1067 1664 Ἀθηναῖοι,
1092 1581 1168 1663 πρὸς
1191 1577 1293 1663 ἀλλή-

166 1683 251 1765 λους,
286 1683 422 1768 μηδεμιᾷ
454 1690 516 1746 τῶν
538 1681 673 1765 πόλεων,
707 1683 867 1760 ἁπάσαις),
903 1683 934 1747 ct
967 1683 1106 1746 ordinem
1138 1682 1294 1747 mutatum

167 1784 353 1866 (Μαντινέας
376 1789 432 1849 καὶ
455 1784 611 1868 Ἠλείους)
635 1805 710 1852 esse.
757 1787 827 1850 Non
851 1805 954 1851 cneum
977 1787 1024 1851 est
1053 1784 1295 1850 controversiam

165 1887 327 1965 dirimere,
368 1907 445 1970 quae
482 1888 553 1952 indo
586 1893 652 1953 orta
683 1889 799 1954 multos
832 1889 913 1954 viros
941 1887 1162 1954 dissociaverit.
1222 1886 1295 1951 Sive

167 1989 318 2055 Kircholii
332 1989 366 2073 ³),
392 1990 563 2074 Schouii'*),
587 1991 721 2073 Hudii⁵l
746 1991 931 2057 sententiam
954 1991 1119 2073 sequimur,
1143 1991 1196 2074 qui
1217 1989 1295 2053 baec

167 2093 243 2157 vitia
264 2093 461 2159 librariorum
485 2093 673 2176 Thucydidis
697 2095 791 2159 fuisse
815 2094 931 2173 dicunt,
954 2095 1027 2177 quia
1049 2093 1109 2159 sibi
1133 2111 1295 2176 persuase-

165 2200 239 2259 runt
269 2195 481 2280 Thucydidem
515 2198 663 2278 exemplis
701 2198 899 2281 neglegenter
936 2196 1085 2263 coniectis
1123 2215 1295 2278 numquam

166 2297 316 2364 confisum
348 2317 424 2377 esse,
457 2299 522 2364 sive
554 2319 625 2364 cum
651 2300 860 2383 Klasseniossy,
885 2300 1083 2383 droisetio‘q,
1106 2299 1253 2365 Herbstio
1268 2298 1294 2382 8)

167 2400 351 2465 sententiam
385 2400 473 2466 illam
507 2421 727 2484 aspernamur:
767 2404 804 2468 de
841 2404 958 2487 origine
995 2405 1118 2468 tantum
1149 2402 1295 2479 certatur,

168 2503 393 2587 discrepantiae
425 2506 510 2587 ipsae
535 2507 573 2571 ab
606 2507 748 2571 omnibus
780 2507 854 2571 viris
888 2506 986 2572 doctis
1019 2505 1227 2572 conceduntur
1254 2505 1295 2583 et,

167 2626 237 2672 cum
268 2607 300 2670 in
332 2608 475 2676 omnibus
507 2609 595 2673 libris
630 2611 848 2692 manuscriptis
881 2611 1057 2687 occurrant,
1092 2609 1124 2674 in
1155 2607 1296 2690 tempora

167 2712 342 2793 antiquiora
364 2711 538 2778 referendae
562 2711 681 2795 sunu).
734 2712 834 2792 Quam
858 2713 895 2777 ob
919 2732 984 2777 rem
1008 2714 1040 2778 et
1064 2709 1295 2793 Herbstium¹⁰)

168 2815 298 2880 missum
321 2816 433 2880 faciam
456 2814 672 2896 affirmantem,
704 2816 780 2881 haec
803 2835 862 2881 non
886 2817 963 2881 uitia
985 2834 1061 2891 esse,
1093 2814 1148 2880 sod
1171 2814 1295 2898 Thucy-

169 2918 234 2983 didi
258 2918 318 2999 ipsi
342 2919 455 2996 deberi,
489 2919 541 3000 qui
573 2920 665 2983 rerba
693 2918 822 2984 foederis
846 2920 979 2984 sermoni
1002 2938 1056 2984 suo
1079 2916 1294 2983 accommoda-

169 3022 256 3097 varit,
289 3039 404 3102 suoque
438 3021 566 3085 arbitrio
599 3022 845 3098 commutaverit,
879 3022 910 3086 et
942 3020 1053 3105 Georg.
1082 3019 1294 3105 bleyerum¹¹J

170 3215 383 3222 .—-——--—-.-
399 3216 409 3220 -
420 3216 426 3221 .

293 3333 315 3393 1)
335 3329 404 3383 th.
426 3331 468 3383 lV.
505 3331 536 3384 N.
555 3331 626 3385 46h.

289 3415 315 3480 2)
335 3416 366 3468 V.
386 3419 426 3470 47.

290 3503 316 3566 3)
335 3503 451 3556 Hermes
464 3502 522 3556 ΧΙΙ.
533 3504 591 3557 381.
611 3503 684 3556 Borl.
699 3503 889 3569 Sitauugsbcr.
910 3501 973 3556 1883
991 3518 1016 3570 p.
1028 3503 1087 3556 850.
1106 3524 1139 3548 =
1153 3503 1184 3556 A.
1197 3502 1295 3561 Kirouss

169 3587 234 3651 hoff,
253 3587 436 3656 'dhukydides
454 3589 511 3642 arud
529 3590 592 3643 sein
609 3588 901 3643 Urkundenmaterial.
938 3589 1032 3644 Berlin
1050 3589 1115 3644 1895
1127 3604 1152 3656 p.
1167 3589 1294 3644 86-102.

289 3677 317 3736 4)
337 3675 453 3728 Hermes
473 3676 531 3728 ΧΗ,
550 3673 608 3728 dua.

290 3761 318 3827 5)
336 3761 453 3814 Hermos
472 3761 556 3815 XVll.
576 3762 633 3815 153.

290 3846 317 3911 6)
336 3846 456 3913 Anhang
474 3847 521 3900 lib.
540 3848 572 3900 V.
592 3849 624 3900 47
644 3848 709 3901 edit.
730 3847 760 3901 ll.
780 3863 804 3914 p.
827 3847 882 3901 189.

291 3931 316 3998 7)
337 3933 378 3985 ed.
398 3933 483 3987 'lhuc
504 3935 564 3987 libr.
585 3934 603 3986 l.
622 3935 652 3987 ll.
672 3934 763 3987 Addit.
782 3950 807 4001 p.
827 3934 939 3987 XXVII.

290 4015 318 4082 8)
338 4018 454 4072 Hermes
473 4020 560 4073 XXV.
593 4035 617 4087 p.
637 4020 695 4073 388,

291 4105 316 4165 9)
336 4102 486 4157 Kirohhoff
500 4105 517 4157 l.
537 4104 553 4158 l.
590 4104 711 4165 Schdne,
728 4106 845 4159 Hermes
863 4105 922 4158 ΧΙΙ.
940 4106 1000 4159 4ῖ8.

279 4189 317 4252 10)
337 4188 352 4240 l.
373 4188 389 4240 l.
408 4204 433 4255 p.
453 4189 576 4258 acquae.

159 4348 168 4358 .
278 4272 319 4339 11)
339 4274 418 4327 Burs.
439 4274 534 4327 dhbeu.
555 4276 593 4328 79.
618 4274 683 4329 1894
701 4288 725 4342 p.
745 4277 803 4329 231.
