2924 4928
716 404 755 467 41

634 494 837 502 ————

172 628 200 672 a.
225 606 255 671 7.
279 605 313 689 8)
336 607 466 671 discissa
488 607 520 671 et
541 605 708 672 dilacerata
732 608 788 672 est.
843 607 875 672 si
898 608 1123 691 supplementis
1146 608 1296 689 Blaesii¹)

171 711 248 776 fides
262 710 358 774 tribui
374 711 485 792 potest,
507 710 730 792 Harpocration
747 711 785 775 ab
802 710 970 775 Aristotele
988 711 1080 794 longe
1103 729 1135 775 se
1152 711 1295 776 removit.

176 815 236 880 Sed
258 814 322 883 sint
343 814 418 878 haec
441 814 657 896 supplementa
681 833 764 892 vera,
796 833 833 878 ne
864 817 1024 896 expectare
1055 815 1180 896 quidem
1203 814 1295 878 debe-

172 936 240 981 mus
256 916 532 999 Harpocrationem
550 916 727 981 Aristotelis
742 916 882 999 vestigiis
897 935 1108 1000 ingressurum
1125 936 1201 995 esse,
1225 918 1296 999 quia

172 1020 262 1084 antea
285 1022 389 1101 aperte
412 1018 538 1097 dixerat,
566 1020 681 1101 optime
703 1022 838 1085 oratores
862 1020 945 1102 ipsos
969 1020 1047 1083 banc
1069 1039 1133 1085 rem
1156 1020 1295 1084 illustra·

171 1124 270 1202 uisse,
303 1123 407 1205 itaque
439 1143 493 1204 per
515 1142 547 1187 se
570 1143 626 1206 par
649 1125 714 1202 est,
747 1123 1019 1205 Harpocrationem
1052 1123 1210 1197 auctores,
1243 1122 1295 1203 qui

170 1226 423 1291 manifestissime
455 1228 492 1291 de
522 1228 570 1291 bis
592 1228 682 1292 rebus
706 1227 948 1310 disputaverunt,
981 1227 1011 1289 iu
1035 1227 1142 1308 primis
1165 1226 1296 1290 Aeschi-

171 1351 241 1396 nem
265 1333 406 1396 secutum
432 1350 507 1409 esse,
541 1332 574 1394 at
606 1350 664 1395 non
696 1349 777 1408 eum,
812 1349 903 1412 quem
927 1330 1059 1393 secundo
1082 1332 1205 1394 tantum
1227 1329 1295 1393 loco

170 1436 319 1500 nominat.
366 1434 468 1498 Aliter
490 1435 537 1498 est
556 1433 758 1517 judicandum
782 1433 819 1496 de
842 1433 946 1516 glossa
969 1430 1127 1516 πωληταί,
1152 1431 1205 1495 ubi
1227 1431 1295 1513 Hy·

171 1537 292 1619 perides
315 1539 347 1602 et
362 1537 547 1601 Aristoteles
571 1556 633 1601 una
655 1536 830 1613 laudantur,
855 1535 908 1599 sed
931 1536 985 1613 ita,
1010 1537 1045 1598 ut
1068 1534 1175 1598 statim
1199 1552 1295 1615 appa·

171 1643 247 1717 reat,
270 1643 301 1706 in
324 1641 409 1706 illiue
432 1642 568 1706 oratione
590 1642 672 1705 bunc
693 1641 913 1722 magistratum
936 1640 1218 1716 commemoratum,
1242 1637 1320 1701 sed

169 1764 232 1810 non
255 1745 378 1810 uberius
401 1744 587 1827 explicatum
620 1764 695 1822 esse,
729 1764 821 1827 quam
854 1746 891 1808 ob
923 1762 987 1807 rem
1019 1742 1188 1824 exspectari
1210 1741 1294 1816 licet,

171 1847 445 1931 Harpocrationem
476 1848 533 1912 boc
563 1848 630 1913 loeo
662 1847 879 1929 philosophum
913 1866 971 1911 non
995 1847 1193 1928 aspernatum
1216 1864 1293 1908 esse.

170 1950 274 2032 Atque
295 1969 327 2014 re
350 1969 431 2027 vera,
465 1950 491 2014 si
512 1950 592 2015 banc
615 1950 749 2034 glossam
774 1969 843 2013 cum
869 1951 921 2022 Ar.
947 1968 1011 2030 cap.
1037 1948 1087 2011 47.
1112 1949 1132 2010 2
1154 1948 1293 2012 contule-

168 2054 277 2132 rimus,
302 2072 413 2137 negare
437 2072 497 2118 non
519 2054 700 2135 poterimus,
726 2053 940 2118 auctoritatem
966 2051 1143 2116 Aristotelis
1165 2069 1293 2133 magno-

170 2175 244 2238 pere
275 2157 410 2222 valuisse
441 2159 473 2220 in
505 2157 609 2240 glossa
639 2157 902 2239 Harpocrationea
933 2155 1159 2220 conscribenda.
1208 2155 1292 2218 Idem

171 2260 411 2339 observabimus,
444 2261 472 2326 si
502 2262 635 2344 reliquas
668 2260 743 2326 duas
774 2262 892 2342 glossas
924 2258 1092 2344 διαιτηταί,
1125 2256 1294 2342 πρυτανεία

169 2366 202 2429 et
224 2365 278 2428 Ar.
302 2364 405 2445 capita
427 2363 478 2428 53.
502 2366 531 2442 ⁶2,
558 2364 609 2427 43.
633 2363 653 2425 2
675 2364 757 2428 inter
779 2383 846 2428 sese
871 2364 1168 2443 comparaverimus:
1200 2363 1293 2425 verbo

169 2467 340 2545 mutantur,
372 2467 527 2531 sententia
558 2467 665 2531 eadem
692 2468 749 2530 est.
804 2466 902 2546 lgitur
924 2466 985 2529 alia
1007 2465 1057 2529 ria
1079 2464 1118 2528 ad
1141 2466 1222 2529 idem
1246 2485 1292 2527 re-

169 2571 320 2649 ducimur,
353 2573 387 2635 ut
414 2590 559 2654 negemus
583 2571 857 2652 Harpocrationom
880 2586 1025 2649 umquam
1050 2568 1192 2651 eutbynis
1215 2567 1292 2646 logi-

169 2674 287 2739 starum
311 2673 412 2738 officia
434 2673 579 2738 tribuisse
602 2675 633 2738 et
655 2672 853 2756 conjiciamus
886 2674 964 2735 bano
995 2674 1133 2752 glossam
1167 2689 1226 2732 non
1251 2672 1292 2732 in·

167 2781 290 2858 tegnam
315 2796 413 2859 usque
437 2777 475 2840 ad
498 2781 642 2859 tempora
667 2781 772 2840 nostra
797 2778 961 2839 mansisse.

168 3110 193 3198 ἓ
225 3110 259 3178 7.
326 3110 442 3196 Inde,
482 3110 590 3198 quod
621 3109 869 3178 Aristoteles
907 3109 1103 3178 nonnulla
1141 3112 1289 3195 emisit,

169 3249 275 3318 quae
299 3229 462 3298 aliunde
484 3231 582 3298 neta
606 3231 713 3316 sunt,
744 3250 825 3298 non
849 3230 1045 3318 sequitur,
1070 3232 1113 3298 ut
1136 3231 1289 3300 fontem

266 3350 469 3439 quendam
493 3351 639 3420 litteris
664 3350 898 3420 mandatum
923 3352 1187 3420 contraxerit.

272 3535 360 3616 Quod
392 3537 522 3619 denique
553 3539 738 3603 Aristotcles
770 3557 837 3620 cap.
869 3540 909 3599 55
947 3558 1005 3602 non
1041 3538 1117 3602 dicit
1147 3556 1289 3602 coronam

166 3642 319 3724 myrteam
341 3642 461 3723 insigne
485 3660 593 3705 novem
616 3642 795 3706 archontum
820 3642 924 3719 luisse,
957 3660 1027 3705 cum
1050 3641 1289 3722 alii‘scriptores

166 3742 252 3809 illius
275 3744 319 3808 rei
342 3746 526 3808 mentionem
551 3745 710 3825 lacieut2l,
743 3746 774 3808 id
807 3765 865 3809 non
897 3745 997 3828 magis
1020 3745 1047 3808 ei
1071 3745 1192 3809 crimini
1214 3744 1289 3808 dan-

167 3847 242 3912 dum
265 3849 322 3925 est,
354 3867 446 3931 quam
477 3849 559 3931 quod
590 3869 649 3914 non
676 3850 837 3915 annotavit
869 3850 1030 3914 archontes
1062 3869 1187 3915 munere
1219 3869 1288 3932 per·

273 4235 299 4304 1)
319 4238 361 4290 cd.
380 4237 411 4290 ll.
430 4251 455 4304 p.
476 4234 524 4289 103
544 4250 569 4288 v.
589 4237 605 4288 3
624 4250 657 4302 sq

270 4323 297 4388 2)
316 4321 508 4377 Wilamowitz
528 4321 546 4376 l.
565 4322 616 4376 243
638 4337 702 4376 cum
720 4326 778 4377 not.
800 4325 856 4377 116.
