2924 4928
738 347 799 410 130

664 438 869 445 -—-——-——

204 585 290 674 §a
339 585 554 654 Vestinum
591 584 732 670 Pselli,
770 583 1027 672 Pamphilum
1064 582 1248 651 Pollucis
1287 584 1328 650 et

234 705 235 708 ’
307 688 647 777 Harpocrationis
672 688 826 756 fontem
850 688 983 756 fuisse
1007 686 1220 756 conicitur.

307 876 408 941 Labor
444 874 641 958 perquirendi
678 874 848 957 expeditior
879 875 970 953 esset,
1008 873 1036 938 si
1071 874 1179 938 tabula
1216 872 1329 937 Suidae

204 978 338 1061 praefixa
368 978 453 1043 fideli
484 977 666 1061 argumento
698 978 745 1041 uti
775 977 864 1042 nobis
896 977 1014 1042 liceret.
1057 976 1102 1040 At
1129 975 1206 1041 fides
1237 976 1329 1040 huius

202 1080 334 1145 indiculi
356 1081 395 1145 ab
414 1080 485 1146 aliis
496 1080 521 1165 ¹)
554 1081 701 1146 acerrime
723 1081 914 1163 impugnata,
937 1080 976 1144 ab
999 1080 1069 1144 aliis
1080 1079 1104 1163 ²)
1128 1083 1251 1145 strenue
1275 1077 1329 1144 de-

205 1184 294 1248 tensa
316 1184 373 1260 est,
396 1183 441 1248 ita
463 1185 498 1248 ut
519 1203 568 1248 res
591 1183 727 1250 nondum
749 1183 920 1267 dijudicata
935 1183 1140 1248 existimanda
1155 1183 1205 1246 sit.
1241 1181 1330 1262 Quod

203 1286 378 1351 subsidium
410 1305 596 1370 quamquam
631 1287 759 1352 dubium
791 1288 848 1364 est,
886 1287 990 1351 tamm
1023 1305 1092 1370 spes
1123 1284 1217 1350 tontis
1240 1284 1330 1348 inda-

203 1389 301 1470 gandi
323 1409 378 1455 nos
401 1409 462 1455 non
484 1390 582 1467 fallet,
615 1389 781 1454 dummodo
813 1388 890 1453 duas
922 1386 1113 1453 conditiones
1142 1371 1234 1452 antea
1256 1405 1330 1467 con-¹

203 1492 382 1556 stituamus.
427 1492 508 1558 Fons
531 1493 600 1571 iste,
624 1511 715 1575 quem
740 1491 912 1574 quaesituri
934 1510 1051 1567 sumus,
1073 1509 1175 1555 rerum
1190 1491 1330 1555 ordinem

205 1597 241 1659 ut
271 1596 416 1677 sequatur
448 1596 479 1659 et
510 1614 581 1660 cum
614 1595 697 1660 tonte
729 1594 876 1660 Polluceo
908 1592 1159 1659 consuetudinem
1192 1592 1330 1674 aliquam

205 1696 326 1775 habeat,
360 1716 484 1762 necesse
507 1698 564 1762 est.
615 1695 734 1776 Quibus
757 1697 848 1761 rebus
870 1696 1028 1778 perpensis
1052 1694 1090 1759 ad
1114 1714 1209 1759 unum
1233 1694 1331 1759 dedu·

206 1800 314 1878 cimur,
352 1820 370 1864 a
404 1819 464 1882 quo
496 1800 685 1867 conditiones
720 1801 892 1883 postulatas
924 1817 1028 1865 revera
1058 1799 1232 1880 persolutae
1263 1816 1331 1863 asse

206 1903 345 1968 videmus
386 1904 567 1982 Vestinum,
613 1906 855 1986 epitomatorem
901 1903 1063 1986 Pamphili.
1137 1901 1329 1966 Sententiam

206 2005 390 2086 Nabarii³)‚
445 2025 463 2068 a
508 2005 690 2086 Weberi0⁴l
743 2007 943 2071 retractatam
988 2004 1216 2088 Diogenianum
1269 2023 1330 2069 non

206 2109 308 2190 ipsum
331 2107 531 2189 Pamphilum
554 2106 607 2171 sed
630 2108 795 2172 Vestinum
823 2108 862 2173 ad
884 2108 1001 2172 lexicon
1024 2127 1116 2173 suum
1139 2108 1330 2173 condendum

207 2210 383 2275 adhibuisse
415 2230 473 2276 non
506 2229 581 2292 opus
613 2212 661 2276 est
682 2211 822 2277 refellere
854 2214 924 2294 post
947 2212 1163 2295 sagacissimas
1185 2211 1331 2276 Reitzen-

207 2314 350 2395 steinii⁵l
389 2313 426 2379 de
457 2313 589 2395 pristina
618 2313 711 2378 larici
741 2314 929 2398 Hesychiani
960 2314 1059 2379 forma
1089 2314 1330 2396 disquisitiones.

207 2417 297 2483 Certo
320 2437 400 2482 nunc
422 2418 546 2493 scimus,
580 2417 806 2500 Diogenianum
838 2418 877 2482 ab
908 2417 1063 2501 Hesychio
1095 2418 1330 2502 amplificatum,

207 2521 404 2604 Pamphilum
437 2539 455 2584 a
486 2520 679 2603 Diogeniano
716 2523 908 2585 contractum
947 2520 977 2583 et
1010 2521 1040 2584 in
1074 2520 1167 2584 aliam
1199 2519 1330 2585 formam

207 2642 388 2689 conversum
410 2642 487 2689 asse.
532 2622 691 2703 Quomodo
714 2626 818 2689 autem
840 2624 1026 2705 Pamphilus
1051 2642 1128 2706 opus
1151 2643 1241 2688 suum
1265 2623 1329 2687 dis-

208 2727 350 2808 posuerit,
375 2728 548 2792 litterarum
573 2747 611 2792 an
634 2746 737 2792 rerum
760 2727 873 2805 ordine,
903 2728 956 2791 diu
979 2727 1108 2809 ancipiti
1126 2727 1226 2791 Marto
1250 2745 1329 2808 pug-

206 2831 314 2893 natum
337 2830 394 2893 cst.
438 2828 538 2892 Hodie
561 2830 652 2893 mulli
676 2831 733 2894 viri
756 2830 840 2894 docti
862 2832 893 2894 et
915 2828 991 2911 111),
1017 2848 1146 2910 quorum
1163 2829 1330 2893 auctoritas

207 2930 375 3012 plurimum
398 2931 491 3009 valet,
515 2932 676 3012 posteriori
699 2935 878 3012 sententiae,
904 2951 996 3014 quam
1020 2931 1135 2997 Weber
1146 2931 1172 3016 ἵ)
1197 2934 1329 3015 inaugu-

207 3033 298 3111 ravit,
321 3032 469 3098 adnuunt.

313 3327 335 3392 l)
363 3326 541 3380 Valckenaer
567 3327 597 3381 in
623 3326 740 3382 Theocr.
768 3327 900 3381 Adionaz.
929 3343 954 3394 p.
982 3326 1127 3383 aaa-299.
1163 3326 1331 3394 Bernhardy

207 3414 224 3466 1.
243 3414 260 3465 l.
279 3427 305 3478 p.
324 3412 392 3465 Xhl.
428 3412 523 3468 Naher
539 3414 619 3480 proll.
638 3414 719 3468 Phot.
737 3429 763 3481 p.
783 3415 824 3468 19.
844 3414 901 3468 165.

308 3499 336 3564 2)
364 3499 480 3562 Ritschl‚
500 3500 535 3553 de
554 3499 609 3554 Oro
628 3501 658 3554 et
677 3500 781 3554 Orione
799 3515 825 3567 p.
845 3499 878 3553 78
896 3520 927 3544 =
947 3499 1047 3566 Opusc.
1066 3499 1161 3565 philol.
1179 3498 1198 3550 Ι.
1225 3513 1251 3565 p.
1270 3496 1329 3551 668.

207 3583 242 3638 M.
261 3584 388 3638 Schmidt
406 3585 489 3639 Jhbb.
507 3585 525 3638 f.
543 3585 615 3639 Phil.
635 3586 675 3640 71.
698 3586 763 3640 1855
781 3601 807 3653 p.
820 3586 880 3640 481.
899 3586 930 3638 H.
944 3585 1056 3648 Weber,
1075 3583 1331 3650 Untersuchungen

207 3671 278 3724 iiber
296 3671 341 3724 die
360 3670 476 3734 Quellan
495 3671 545 3724 des
563 3671 684 3739 Hesych.
704 3672 804 3725 Philol.
824 3671 918 3738 Suppl.
932 3671 981 3724 Bd.
1001 3671 1044 3724 Ill.
1065 3669 1138 3724 1877.
1157 3683 1183 3735 p.
1202 3667 1260 3722 590.

309 3757 338 3816 al
366 3759 383 3810 1.
403 3759 420 3810 l.
439 3772 464 3824 p.
485 3756 525 3810 19.

308 3845 339 3904 4)
367 3842 385 3896 l.
404 3844 421 3897 l.
440 3858 465 3910 p.
483 3843 543 3896 408.

309 3931 336 3995 5)
363 3930 416 3983 Die
434 3928 678 3996 Ueherarbeitung
696 3930 745 3983 des
763 3930 905 3984 hexicons
923 3930 973 3984 des
991 3928 1148 3996 Hesychios
1167 3926 1210 3980 in:
1231 3924 1329 3978 Rhcin.

208 4015 277 4070 hius.
295 4017 337 4069 43.
358 4014 432 4070 1888.
451 4031 476 4083 p.
495 4015 641 4068 443-460.

309 4100 335 4165 6)
362 4099 432 4154 Karl
454 4101 540 4167 Bapp.
567 4099 700 4167 Beitritge
726 4116 777 4154 zur
799 4100 1008 4165 Quellenkritik
1035 4101 1084 4154 des
1103 4101 1256 4156 Athenaios
1283 4102 1328 4155 in:

209 4186 363 4241 Commeat.
382 4186 515 4241 Ribbeck.
534 4200 560 4252 p.
578 4187 725 4241 eal-265.
752 4187 945 4242 Reitzenstein
962 4189 980 4240 1.
998 4189 1015 4240 l.
1034 4203 1060 4255 p.
1079 4189 1138 4242 455.

311 4274 336 4339 7)
364 4273 382 4326 l.
400 4274 417 4326 l.
436 4272 488 4326 478
506 4286 546 4340 sq.
