2924 4928
658 348 699 411 25

121 550 289 637 ἐπώνυμοι,
314 553 342 616 οἱ
365 552 400 615 δὲ
427 552 476 636 10,
509 553 606 636 ἀφ’ὧν
629 552 660 616 αἱ
704 552 732 617 οἱ
757 553 790 616 δὲ
820 553 858 615 10
881 556 933 615 τὸν
966 551 1111 637 ἀριθμόν,
1145 550 1242 634 ἀφ’ὡν

120 654 217 736 φυλαὶ
239 655 552 741 προςηγορεύθησαν,
680 655 736 775 Ιαἱ
759 656 856 738 φυλαὶ
878 654 1190 740 προςηγορεύθησαν.

635 882 638 886 ·
705 864 767 927 lex.
793 863 885 925 Dem.
911 879 942 942 p.
966 858 1058 940 rasio.
1088 859 1242 944 ἐπώνυμοι

707 964 757 1046 10,
782 964 835 1046 ἀφ’
852 963 894 1025 ὧν
917 962 1109 1047 ἐκλήθησαν
1133 963 1164 1027 αἱ
1186 984 1241 1045 φυ-

120 1065 185 1127 οῐον
206 1063 393 1149 Ἐρεχθεύς,
418 1064 545 1148 Αἰγεύς,
575 1064 658 1128 Παν-
703 1064 769 1148 lat,
788 1075 843 1129 τοῦ
859 1066 937 1129 θεοῦ
950 1075 1041 1129 τοῠτο
1051 1065 1239 1151 χρήσαντος.

120 1166 203 1250 δίων,
227 1165 328 1248 Λεώς,
353 1167 510 1252 Ἀκάμας,
536 1166 656 1251 Οἰνεύς,
679 1165 682 1251 l
703 1170 786 1252 ἦσαν
801 1169 835 1232 δὲ
850 1172 955 1232 οὗτοι·
976 1168 1161 1254 Ἐρεχθεύς,
1186 1168 1241 1232 Αἰ-

119 1268 262 1352 Κὲκροψ,
277 1267 467 1353 Ἱπποθόων,
481 1269 573 1353 Αἴας,
586 1268 658 1334 Ἀν-
680 1256 682 1353 Ξ
702 1272 787 1355 γεὺς,
813 1271 981 1356 Ἀργὼδων
1004 1273 1105 1354 (sict),
1138 1270 1239 1352 Λεώς,

120 1370 242 1455 stopa.
258 1383 358 1436 ταῦτα
374 1373 458 1435 δὲτὰ
472 1371 658 1457 ΙΟόνὸματα
680 1358 682 1431 ἕ
701 1373 859 1460 Ἀκάμας,
877 1373 998 1457 Οἰνεύς,
1018 1373 1161 1457 Κέκροψ,
1179 1371 1242 1437 Ἱπ-

119 1475 181 1537 ἀπὸ
204 1473 230 1559 ρ’
252 1475 403 1551 ὁΠὺθιος
421 1475 536 1557 εἵλετο,
561 1475 657 1540 Κλει-
702 1476 842 1560 notter,
860 1476 1034 1562 Ἀντίοχος,
1052 1476 1151 1552 Αἴας·
1172 1476 1241 1539 aot·

120 1575 252 1654 caecae
274 1581 356 1643 οὕτω
373 1577 598 1663 διαταξαμένου
621 1582 657 1642 τὸ
679 1664 681 1671 Ι
703 1583 842 1664 accegae
853 1579 885 1657 ἐξ
895 1579 1055 1665 ὀνομάτων
1072 1578 1242 1654 cretaeae

118 1690 180 1745 πᾶν
202 1680 330 1766 πλῆθος
352 1682 395 1757 εἰς
419 1681 459 1744 10
481 1681 593 1764 φυλάς.
678 1682 681 1763 l
702 1682 879 1760 ἐξελέξατο.

222 1834 290 1914 Qua
312 1836 342 1899 in
367 1855 400 1900 re
423 1836 516 1901 rerba
540 1855 609 1900 mea
631 1855 690 1901 non
714 1836 758 1902 sio
780 1836 923 1919 intellegi
946 1837 1025 1912 volo,
1057 1836 1092 1901 ut
1115 1837 1242 1900 conten-

119 1940 200 2017 dam,
232 1939 334 2020 ipsum
358 1939 579 2022 Etymologum
602 1958 727 2004 munere
750 1939 980 2005 contaminandi
1002 1940 1142 2004 functum
1166 1957 1241 2015 esse,

119 2041 200 2124 quod
215 2040 275 2104 etsi
290 2040 328 2105 ad
351 2041 428 2106 alias
450 2041 569 2126 glossas
592 2041 732 2124 quadrat,
761 2045 864 2108 nostro
887 2043 954 2107 loco
977 2061 1101 2124 prorsus
1125 2059 1244 2124 negan-

119 2145 193 2207 dum
224 2144 289 2220 est,
322 2145 394 2226 quia
424 2146 547 2209 tantum
574 2144 685 2227 judicii
715 2145 784 2210 istis
816 2146 992 2210 hominibus
1024 2163 1084 2209 non
1107 2146 1242 2208 tribuere

119 2266 294 2329 possumus.
347 2247 455 2330 Neque
486 2249 543 2312 hoc
566 2267 669 2331 urgeo,
702 2250 767 2327 hos,
801 2269 859 2313 non
892 2250 968 2313 alios
1001 2249 1119 2312 similes
1145 2248 1243 2312 fontes

121 2351 349 2416 contaminandi
382 2370 489 2416 ansam
522 2351 653 2417 dedisse.
711 2353 742 2416 ln
767 2354 942 2418 universum
966 2354 1048 2416 enim
1071 2352 1107 2415 de
1130 2352 1243 2433 glossis

121 2455 161 2518 ad
176 2453 377 2536 respublicas
389 2453 613 2537 judicialesqne
631 2455 816 2520 Graecorum
832 2454 1067 2538 pertinentibus,
1081 2457 1243 2536 quotcum-

120 2576 178 2638 que
194 2556 226 2620 in
241 2557 347 2623 lexicis
362 2558 584 2641 Etymologicis
607 2560 637 2622 et
660 2558 831 2636 rhetoricis,
854 2556 935 2639 apud
950 2556 1096 2621 Photium
1116 2553 1148 2619 et
1163 2556 1243 2618 Har-

118 2660 327 2742 pocrationom
350 2661 557 2739 inveniuntur,
590 2661 649 2725 viri
683 2661 765 2726 docti
786 2661 856 2745 jure
878 2660 909 2724 in
932 2660 989 2724 hac
1013 2660 1165 2724 sententia
1189 2676 1240 2722 ac-

118 2763 349 2848 quieverunt¹)‚
382 2765 485 2830 omnia
516 2783 532 2828 e
564 2765 644 2829 libro
668 2764 800 2846 quodam
824 2765 997 2829 oratoribus
1019 2763 1123 2828 atticis
1147 2762 1243 2842 expli-

118 2865 224 2931 candis
255 2867 370 2949 scripto
401 2868 469 2933 orta
499 2885 583 2938 esse.
617 2868 817 2950 scriptoribus
850 2869 920 2932 aliis
943 2868 1062 2949 aperte,
1096 2866 1166 2931 aliis
1189 2885 1243 2947 per

119 2969 219 3034 varias
250 2971 396 3053 ambages
429 2969 467 3034 ad
500 2989 694 3044 communem
726 2971 841 3035 fontem
875 2969 1113 3034 recurrentibus.
1159 2965 1242 3048 Quas

117 3071 237 3155 glossas
259 3073 428 3138 rhetoricas
452 3074 568 3155 optime
591 3074 661 3140 inde
684 3074 907 3156 cognoscimus,
939 3075 1020 3155 quod
1052 3072 1168 3136 similes
1192 3091 1243 3136 ex·

119 3176 204 3241 stant
240 3176 272 3240 in
308 3176 562 3258 Harpocrationis
600 3176 707 3242 lexico.
766 3175 855 3255 Quod
887 3175 926 3240 ad
958 3176 1076 3258 glossas
1109 3174 1243 3258 Etymcl.

120 3278 227 3362 Magni
250 3279 371 3358 attinet,
396 3279 530 3344 vidimus
553 3280 723 3362 permultas
746 3278 828 3360 apud
844 3277 1118 3360 Harpocrationem
1135 3275 1243 3340 iisdem

122 3381 222 3446 verbis
244 3383 400 3465 explicari,
432 3382 520 3460 alias,
549 3383 576 3448 si
599 3401 657 3446 non
682 3382 817 3460 eaedem,
845 3383 950 3446 tamen
972 3379 1243 3462 Harpocrationeis

118 3484 237 3551 similes
269 3487 350 3565 sunt,
382 3487 571 3568 praestantia
602 3506 658 3551 sua
690 3485 777 3550 nulla
800 3484 932 3561 excellit,
966 3484 1071 3548 contra
1093 3482 1243 3564 plurimae

119 3586 203 3653 vitiis
225 3589 394 3667 abundant,
427 3609 504 3672 quae
528 3593 601 3655 nata
624 3591 711 3654 erant
733 3609 749 3654 e
774 3591 906 3672 pessime
929 3587 1097 3654 contractis
1121 3587 1152 3650 et
1174 3606 1243 3669 per-

119 3707 205 3754 verse
235 3690 402 3758 intellectis
434 3693 580 3759 fontibus.
634 3693 797 3757 Praeterea
823 3710 970 3776 persaepe
993 3690 1081 3754 nobis
1105 3707 1243 3754 occurre-

119 3792 196 3858 bant
224 3793 296 3874 leci‚
328 3796 380 3878 qni
411 3797 442 3862 in
476 3796 613 3880 singulas
645 3797 747 3878 partes
771 3795 868 3861 dividi
891 3796 1026 3878 possent.
1082 3792 1181 3872 Quam
1206 3792 1243 3856 olo

117 3914 182 3960 rem
210 3896 278 3982 J'am
308 3900 407 3982 primo
429 3901 518 3966 initio
541 3899 768 3965 concedendum
800 3901 856 3979 est,
892 3899 974 3964 idem
1005 3897 1152 3961 hocloco
1177 3895 1242 3959 fieri

120 3997 267 4078 potuisse.

220 4281 247 4346 1)
265 4279 345 4335 Cohn
363 4281 380 4334 l.
400 4282 417 4334 l.
437 4295 462 4349 p.
482 4279 540 4334 827.
