2924 4928
710 305 753 369 36

168 511 254 575 idem
277 507 432 573 docuisse:
466 509 515 574 esh
537 508 632 572 schol.
656 508 767 573 Aesch.
791 510 844 574 Ill.
868 509 898 586 9,
931 510 1022 592 quale
1045 509 1078 573 in
1101 509 1166 574 eorl.
1191 510 1217 573 B
1242 527 1302 573 ex·

170 615 242 690 slah,
266 612 319 694 qui
342 611 416 676 olim
433 611 489 677 lod.
507 611 654 676 Bornardi
678 611 745 690 ruit,
770 631 851 677 nunc
872 613 903 677 in
919 612 1109 678 bibliotheca
1123 611 1301 696 Bodleiana

169 715 279 783 Oronii
301 717 449 780 servatur.
496 715 619 780 Scholia
641 714 733 793 illa¹)
757 715 907 781 levissimi
930 718 1003 781 sunt
1025 717 1191 793 momenti3
1215 734 1294 780 non·

168 820 255 885 nulla
286 839 302 884 e
335 819 472 895 Polluce,
504 818 610 896 Suida
642 818 767 884 scholiis
799 819 1094 899 Demostheniois²l‚
1127 819 1227 884 mulia
1258 838 1300 884 ext

167 908 410 1004 Harpocratione
442 923 481 987 ah
506 922 641 1004 Josepho
665 920 820 1005 Scaligero
852 922 1007 1005 adscripta
1038 942 1105 988 esso
1137 922 1292 987 dicuntur.

168 1026 205 1090 of.
239 1025 334 1090 schol.
367 1026 478 1090 Aesch.
510 1026 535 1090 l.
568 1025 606 1088 18
638 1051 679 1081 =
711 1026 808 1108 Harp.
840 1024 1045 1111 ληξιαρχικὸν
1076 1033 1300 1111 γραμματεῖον·

166 1129 192 1193 l.
216 1128 321 1191 59:
349 1128 446 1210 Harp.
470 1127 556 1213 φιμσί
579 1128 685 1194 addila
707 1147 780 1193 vocs
807 1127 1014 1214 ἀστράγαλοι,
1049 1148 1125 1212 quae
1147 1130 1179 1192 in
1202 1128 1298 1193 libris·

166 1232 384 1313 manuscriptis
416 1231 683 1314 Harpocrationeis
715 1233 907 1314 postulatur,
941 1232 994 1297 sed
1027 1233 1122 1298 deest.
1179 1233 1202 1297 l.
1229 1229 1297 1295 1631

167 1361 206 1390 =
230 1335 327 1416 Harp.
352 1336 426 1417 epil.
450 1334 617 1420 ἐπωβελία.
666 1337 707 1399 ΙΙ.
732 1335 794 1399 124
813 1362 852 1392 =
869 1336 964 1418 Harp.
989 1335 1128 1400 Λοιδίαν.
1168 1335 1209 1400 ΙΙ.
1227 1333 1297 1397 126·

167 1463 206 1492 =
217 1438 315 1517 Harp.
328 1435 598 1523 διαμεμετρημένῃ
610 1437 723 1524 ἡμέρα.
750 1440 802 1504 ΠΙ.
817 1435 877 1501 122
890 1436 1036 1524 :ffiHarp
1050 1438 1184 1501 ἐπιδιετὲ
1210 1436 1294 1522 appll-

166 1559 230 1601 ooc.
277 1538 309 1603 Si
333 1539 401 1620 quis
425 1539 576 1605 scholium
599 1539 677 1604 illud
701 1559 771 1605 cum
793 1539 896 1604 verbis
911 1540 1181 1622 Harpocrationeis
1205 1558 1296 1605 oom-

164 1640 309 1721 posuerit,
334 1641 540 1721 confitohitur‚
571 1644 686 1726 opinor,
711 1649 819 1708 noslro
843 1663 968 1726 quoquo
992 1646 1063 1708 loco
1087 1646 1168 1708 hunc
1190 1643 1295 1708 luisse

165 1745 244 1808 illius
266 1744 395 1809 fontem.

165 1934 262 2012 llerp.
288 1928 580 2005 εὐθύναι.Λυσίας
602 1930 635 1994 ἐν
658 1938 701 2013 τῷ
747 1931 857 1995 Schol.
892 1931 1009 1997 Aeeeh.
1046 1933 1093 1999 ΙΙΙ.
1128 1936 1160 1997 9.
1202 1931 1293 2015 λαμ--

164 2034 249 2097 κατὰ
271 2031 412 2114 Νικίδου,
444 2032 471 2095 εἰ
493 2031 618 2115 νήσσας.
654 2033 702 2095 εὐ·
748 2052 819 2112 mr
850 2050 884 2113 δὲ
918 2051 1013 2136 ὄνομα
1046 2052 1159 2137 ἀρχῆς,
1207 2051 1293 2116 δέκα,

163 2137 246 2222 θὺνη
261 2184 267 2199 ·
284 2184 305 2199 ··
321 2183 352 2199 ··
375 2135 472 2219 ὄνομα
506 2135 608 2220 ἀρχῆς
630 2134 703 2220 παρ’
746 2168 780 2231 δὲ
815 2172 868 2234 τὸν
895 2171 1028 2256 ἀριθμὸν
1051 2173 1158 2257 ἄνδρες
1188 2175 1290 2258 ἦσαν,

162 2238 363 2325 Ἀθηναίοις.
383 2237 461 2301 δέκα
484 2238 518 2300 δὲ
540 2241 593 2302 τὸν
615 2239 701 2323 ἀμύ-

162 2345 219 2427 W
241 2345 324 2427 ἦσαν
346 2342 464 2425 ἄνδρες,
489 2340 562 2425 παρ,
576 2343 622 2418 οἷς
640 2342 701 2406 ἐδί·
746 2288 817 2372 παρ’
834 2291 880 2365 οἷς
901 2289 929 2353 oi
944 2291 1229 2378 πρεσβεύσαντεςή
1255 2315 1283 2357 τι

812 2409 895 2473 ύσισν
923 2411 1139 2496 δισικήσαντες
1170 2415 1191 2498 ἠ
1217 2434 1289 2478 τινα

162 2445 257 2509 δσσαν
284 2443 312 2508 oi
335 2444 581 2530 πρεσβεύσαντες
603 2447 624 2529 ἢ
649 2447 701 2529 ἄρ·
746 2409 810 2494 δημ

160 2547 267 2626 ξαντες
289 2550 310 2633 ἢ
334 2547 549 2632 δισικήσαντές
580 2569 608 2610 τι
640 2558 701 2612 τῶν
746 2531 849 2616 ἀΡΧύν
880 2530 1027 2615 ἄρξαντες
1057 2533 1200 2598 ἕδῑδθῦαν
1230 2535 1290 2609 τὰς

161 2651 316 2737 δημοσίων
347 2653 403 2728 τὰς
436 2651 570 2726 εὐθύνας
595 2699 602 2714 .
629 2650 701 2714 orel·
746 2651 893 2727 εὐθύνας.

161 2736 273 2817 isaaco
304 2756 375 2838 περὶ
399 2754 502 2817 αὐτῶν
523 2752 700 2836 Ἀριστοτέ-

160 2855 219 2941 λης
241 2856 274 2920 ἐν
290 2865 328 2939 τῇ
345 2854 528 2941 Ἀθηναίων
547 2855 699 2941 πολιτείᾳ.

262 3040 332 3106 Sive
356 3040 503 3123 Scaliger,
536 3042 600 3107 sire
627 3044 706 3108 alius
738 3043 806 3125 quis
838 3042 906 3120 fuit,
941 3044 993 3125 qui
1026 3044 1102 3108 haee
1129 3045 1222 3110 verba
1244 3046 1287 3110 acl

158 3144 329 3228 marginem
354 3143 467 3209 codicis
490 3145 516 3208 B
540 3144 712 3227 adscripsit,
745 3148 821 3229 legit
844 3150 931 3210 ceole
956 3148 983 3209 ln
1015 3164 1072 3210 suo
1106 3149 1183 3212 libro
1208 3149 1290 3212 ller-

159 3250 361 3330 pooratloneo
387 3249 568 3331 lepistacum
593 3251 654 3312 hoe
678 3249 816 3312 ollloium
840 3249 949 3314 luisse.
1005 3248 1094 3328 Quod
1122 3249 1202 3314 siin
1225 3250 1288 3315 hoe

114 3371 116 3374 ’
157 3350 235 3416 libro
257 3370 317 3415 non
341 3351 489 3433 scriptum
513 3351 581 3430 fuit,
614 3352 792 3434 inlellegere
817 3370 877 3415 non
901 3370 1037 3434 possum,
1069 3353 1204 3433 primum
1228 3372 1288 3418 cur·

157 3473 215 3519 non
254 3455 385 3519 alteram
423 3456 558 3538 glossam
585 3455 882 3537 Harpocr·alioneam
921 3475 945 3520 s.
977 3476 1006 3520 ν.
1042 3454 1187 3540 λογισταί
1222 3456 1283 3520 sihi

157 3558 284 3642 elegerit
307 3558 346 3623 ad
368 3578 475 3624 vocem
498 3557 643 3642 λογισταί
665 3559 888 3641 explicandam,
911 3561 979 3623 hum
1002 3558 1083 3624 undo
1099 3560 1290 3640 cognoverih

155 3660 284 3742 legistas
308 3662 444 3726 rationes
469 3662 627 3744 recepisse,
652 3681 710 3726 non
735 3662 897 3744 euhhynos.

155 3885 411 3894 —————-..

261 4035 286 4102 l)
305 4036 346 4087 od.
366 4036 446 4088 Ferd.
466 4035 601 4088 Schultzii
619 4049 644 4102 p.
663 4035 807 4088 249-250.

256 4136 284 4197 2>
304 4138 404 4203 quibus
432 4139 516 4192 etiam
544 4139 630 4192 schol.
649 4139 856 4205 Aristophaneo
885 4139 1012 4192 addenda
1039 4141 1105 4193 sunt
1133 4139 1166 4193 of.
1189 4139 1283 4193 schol.

155 4224 254 4277 Aesoh.
273 4222 318 4278 lll.
340 4223 387 4276 197
406 4245 438 4268 =
458 4225 544 4278 schol.
564 4226 609 4277 Ar.
629 4225 695 4278 Ach.
714 4226 773 4279 693.
